ask px,ask size,ask size cumulative,ask sum,ask sum cumulative,exchange,time
0,17558.5,16.71,16.71,293402.535,293402.535,FTX,2020-11-17 22:04:05
1,17559.0,0.2016,16.9116,3539.8944,296942.4294,FTX,2020-11-17 22:04:05
2,17559.5,0.01,16.9216,175.595,297118.0244,FTX,2020-11-17 22:04:05
3,17561.0,0.0593,16.9809,1041.3673,298159.3917,FTX,2020-11-17 22:04:05
4,17561.5,0.4447,17.4256,7809.59905,305968.99075,FTX,2020-11-17 22:04:05
5,17562.0,0.0999,17.5255,1754.4438,307723.43455,FTX,2020-11-17 22:04:05
6,17562.5,0.1185,17.644,2081.15625,309804.5908,FTX,2020-11-17 22:04:05
7,17563.0,0.0297,17.6737,521.6211,310326.2119,FTX,2020-11-17 22:04:05
8,17563.5,0.427,18.1007,7499.6145,317825.8264,FTX,2020-11-17 22:04:05
9,17564.5,0.089,18.1897,1563.2405,319389.0669,FTX,2020-11-17 22:04:05
10,17565.0,0.49,18.6797,8606.85,327995.9169,FTX,2020-11-17 22:04:05
11,17565.5,0.1187,18.7984,2085.02485,330080.94175,FTX,2020-11-17 22:04:05
12,17566.0,0.864,19.6624,15177.024,345257.96575,FTX,2020-11-17 22:04:05
13,17567.0,0.8895,20.5519,15625.8465,360883.81225,FTX,2020-11-17 22:04:05
14,17567.5,0.3362,20.8881,5906.1935,366790.00575,FTX,2020-11-17 22:04:05
15,17572.0,13.0575,13.0575,229446.39,229446.39,FTXUS,2020-11-17 22:04:05
16,17572.5,0.125,21.0131,2196.5625,368986.56825,FTX,2020-11-17 22:04:05
17,17574.0,0.773,21.7861,13584.702,382571.27025,FTX,2020-11-17 22:04:05
18,17575.0,0.114,21.9001,2003.55,384574.82025,FTX,2020-11-17 22:04:05
19,17577.0,0.8537,22.7538,15005.4849,399580.30515,FTX,2020-11-17 22:04:05
0,17558.0,16.6391,16.6391,292149.3178,292149.3178,FTX,2020-11-17 22:04:06
1,17558.5,0.019,16.6581,333.6115,292482.9293,FTX,2020-11-17 22:04:06
2,17559.0,0.2016,16.8597,3539.8944,296022.8237,FTX,2020-11-17 22:04:06
3,17559.5,0.01,16.8697,175.595,296198.4187,FTX,2020-11-17 22:04:06
4,17561.0,0.0593,16.929,1041.3673,297239.786,FTX,2020-11-17 22:04:06
5,17561.5,0.4447,17.3737,7809.59905,305049.38505,FTX,2020-11-17 22:04:06
6,17562.5,0.1185,17.4922,2081.15625,307130.5413,FTX,2020-11-17 22:04:06
7,17563.0,0.0297,17.5219,521.6211,307652.1624,FTX,2020-11-17 22:04:06
8,17563.5,0.427,17.9489,7499.6145,315151.7769,FTX,2020-11-17 22:04:06
9,17564.5,0.089,18.0379,1563.2405,316715.0174,FTX,2020-11-17 22:04:06
10,17565.0,0.49,18.5279,8606.85,325321.8674,FTX,2020-11-17 22:04:06
11,17565.5,0.2186,18.7465,3839.8183,329161.6857,FTX,2020-11-17 22:04:06
12,17566.0,0.864,19.6105,15177.024,344338.7097,FTX,2020-11-17 22:04:06
13,17567.0,0.8895,20.5,15625.8465,359964.5562,FTX,2020-11-17 22:04:06
14,17567.5,0.3362,20.8362,5906.1935,365870.7497,FTX,2020-11-17 22:04:06
15,17572.0,13.0575,13.0575,229446.39,229446.39,FTXUS,2020-11-17 22:04:06
16,17572.5,0.125,20.9612,2196.5625,368067.3122,FTX,2020-11-17 22:04:06
17,17574.0,0.773,21.7342,13584.702,381652.0142,FTX,2020-11-17 22:04:06
18,17575.0,0.114,21.8482,2003.55,383655.5642,FTX,2020-11-17 22:04:06
19,17575.5,0.1665,22.0147,2926.32075,386581.88495,FTX,2020-11-17 22:04:06
0,17559.0,0.019,0.019,333.621,333.621,FTX,2020-11-17 22:04:10
1,17559.5,0.1523,0.1713,2674.31185,3007.93285,FTX,2020-11-17 22:04:10
2,17561.0,0.0592,0.2305,1039.6112,4047.54405,FTX,2020-11-17 22:04:10
3,17561.5,0.4447,0.6752,7809.59905,11857.1431,FTX,2020-11-17 22:04:10
4,17562.5,0.1187,0.7939,2084.66875,13941.81185,FTX,2020-11-17 22:04:10
5,17563.0,0.089,0.8829,1563.107,15504.91885,FTX,2020-11-17 22:04:10
6,17563.5,0.427,1.3099,7499.6145,23004.53335,FTX,2020-11-17 22:04:10
7,17564.0,0.8895,2.1994,15623.178,38627.71135,FTX,2020-11-17 22:04:10
8,17564.5,0.089,2.2884,1563.2405,40190.95185,FTX,2020-11-17 22:04:10
9,17565.0,0.49,2.7784,8606.85,48797.80185,FTX,2020-11-17 22:04:10
10,17566.0,0.2185,2.9969,3838.171,52635.97285,FTX,2020-11-17 22:04:10
11,17568.5,0.0999,3.0968,1755.09315,54391.066,FTX,2020-11-17 22:04:10
12,17569.0,0.01,3.1068,175.69,54566.756,FTX,2020-11-17 22:04:10
13,17570.0,0.3262,3.433,5731.334,60298.09,FTX,2020-11-17 22:04:10
14,17572.0,13.0575,13.0575,229446.39,229446.39,FTXUS,2020-11-17 22:04:10
15,17572.5,0.125,3.558,2196.5625,62494.6525,FTX,2020-11-17 22:04:10
16,17574.0,0.773,4.331,13584.702,76079.3545,FTX,2020-11-17 22:04:10
17,17577.0,0.8537,5.1847,15005.4849,91084.8394,FTX,2020-11-17 22:04:10
18,17578.0,12.3385,17.5232,216886.153,307970.9924,FTX,2020-11-17 22:04:10
19,17579.0,0.8796,13.9371,15462.4884,244908.8784,FTXUS,2020-11-17 22:04:10
0,17562.0,1.4055,1.4055,24683.391,24683.391,FTX,2020-11-17 22:04:16
1,17562.5,0.1423,1.5478,2499.14375,27182.53475,FTX,2020-11-17 22:04:16
2,17563.0,0.01,1.5578,175.63,27358.16475,FTX,2020-11-17 22:04:16
3,17564.0,0.4268,1.9846,7496.3152,34854.47995,FTX,2020-11-17 22:04:16
4,17564.5,0.0783,2.0629,1375.30035,36229.7803,FTX,2020-11-17 22:04:16
5,17565.0,0.1482,2.2111,2603.133,38832.9133,FTX,2020-11-17 22:04:16
6,17565.5,0.0593,2.2704,1041.63415,39874.54745,FTX,2020-11-17 22:04:16
7,17566.0,0.4447,2.7151,7811.6002,47686.14765,FTX,2020-11-17 22:04:16
8,17567.0,0.089,2.8041,1563.463,49249.61065,FTX,2020-11-17 22:04:16
9,17568.5,0.1187,2.9228,2085.38095,51334.9916,FTX,2020-11-17 22:04:16
10,17569.0,0.1,3.0228,1756.9,53091.8916,FTX,2020-11-17 22:04:16
11,17569.5,0.2667,3.2895,4685.78565,57777.67725,FTX,2020-11-17 22:04:16
12,17570.5,0.5354,3.8249,9407.2457,67184.92295,FTX,2020-11-17 22:04:16
13,17571.5,0.8895,4.7144,15629.84925,82814.7722,FTX,2020-11-17 22:04:16
14,17572.5,0.125,4.8394,2196.5625,85011.3347,FTX,2020-11-17 22:04:16
15,17573.5,0.1,4.9394,1757.35,86768.6847,FTX,2020-11-17 22:04:16
16,17574.0,0.773,5.7124,13584.702,100353.3867,FTX,2020-11-17 22:04:16
17,17574.5,19.6156,19.6156,344734.3622,344734.3622,FTXUS,2020-11-17 22:04:16
18,17577.0,0.8537,6.5661,15005.4849,115358.8716,FTX,2020-11-17 22:04:16
19,17579.0,0.8796,20.4952,15462.4884,360196.8506,FTXUS,2020-11-17 22:04:16
0,17560.5,0.5217,0.5217,9161.31285,9161.31285,FTX,2020-11-17 22:04:21
1,17561.0,0.2016,0.7233,3540.2976,12701.61045,FTX,2020-11-17 22:04:21
2,17563.0,0.019,0.7423,333.697,13035.30745,FTX,2020-11-17 22:04:21
3,17564.5,0.189,0.9313,3319.6905,16354.99795,FTX,2020-11-17 22:04:21
4,17565.0,0.6522,1.5835,11455.893,27810.89095,FTX,2020-11-17 22:04:21
5,17566.0,0.627,2.2105,11013.882,38824.77295,FTX,2020-11-17 22:04:21
6,17567.0,0.1187,2.3292,2085.2029,40909.97585,FTX,2020-11-17 22:04:21
7,17569.0,0.1,2.4292,1756.9,42666.87585,FTX,2020-11-17 22:04:21
8,17569.5,0.5929,3.0221,10416.95655,53083.8324,FTX,2020-11-17 22:04:21
9,17570.0,0.8895,3.9116,15628.515,68712.3474,FTX,2020-11-17 22:04:21
10,17570.5,0.2092,4.1208,3675.7486,72388.096,FTX,2020-11-17 22:04:21
11,17571.0,0.01,4.1308,175.71,72563.806,FTX,2020-11-17 22:04:21
12,17572.0,0.8536,4.9844,14999.4592,87563.2652,FTX,2020-11-17 22:04:21
13,17572.5,0.125,5.1094,2196.5625,89759.8277,FTX,2020-11-17 22:04:21
14,17574.0,0.773,5.8824,13584.702,103344.5297,FTX,2020-11-17 22:04:21
15,17576.0,0.1703,6.0527,2993.1928,106337.7225,FTX,2020-11-17 22:04:21
16,17576.5,14.4283,14.4283,253599.01495,253599.01495,FTXUS,2020-11-17 22:04:21
17,17579.0,0.8796,15.3079,15462.4884,269061.50335,FTXUS,2020-11-17 22:04:21
18,17580.0,73.0925,88.4004,1284966.15,1554027.65335,FTXUS,2020-11-17 22:04:21
19,17580.5,8.5884,14.6411,150988.3662,257326.0887,FTX,2020-11-17 22:04:21
0,17556.0,21.1319,21.1319,370991.6364,370991.6364,FTX,2020-11-17 22:04:25
1,17559.0,0.119,21.2509,2089.521,373081.1574,FTX,2020-11-17 22:04:25
2,17559.5,0.0297,21.2806,521.51715,373602.67455,FTX,2020-11-17 22:04:25
3,17560.0,0.089,21.3696,1562.84,375165.51455,FTX,2020-11-17 22:04:25
4,17561.0,0.8895,22.2591,15620.5095,390786.02405,FTX,2020-11-17 22:04:25
5,17561.5,0.1,22.3591,1756.15,392542.17405,FTX,2020-11-17 22:04:25
6,17563.0,0.526,22.8851,9238.138,401780.31205,FTX,2020-11-17 22:04:25
7,17566.0,0.637,23.5221,11189.542,412969.85405,FTX,2020-11-17 22:04:25
8,17567.0,0.1187,23.6408,2085.2029,415055.05695,FTX,2020-11-17 22:04:25
9,17572.0,0.1308,23.7716,2298.4176,417353.47455,FTX,2020-11-17 22:04:25
10,17572.5,16.8555,16.8555,296193.27375,296193.27375,FTXUS,2020-11-17 22:04:25
11,17572.5,0.125,23.8966,2196.5625,419550.03705,FTX,2020-11-17 22:04:25
12,17574.0,0.773,24.6696,13584.702,433134.73905,FTX,2020-11-17 22:04:25
13,17577.0,9.2512,33.9208,162608.3424,595743.08145,FTX,2020-11-17 22:04:25
14,17579.0,0.8796,17.7351,15462.4884,311655.76215,FTXUS,2020-11-17 22:04:25
15,17580.0,73.0925,90.8276,1284966.15,1596621.91215,FTXUS,2020-11-17 22:04:25
16,17581.5,0.9539,34.8747,16770.99285,612514.0743,FTX,2020-11-17 22:04:25
17,17583.0,0.0002,34.8749,3.5166,612517.5909,FTX,2020-11-17 22:04:25
18,17589.0,0.0001,34.875,1.7589,612519.3498,FTX,2020-11-17 22:04:25
19,17589.5,74.7938,165.6214,1315585.5451,2912207.45725,FTXUS,2020-11-17 22:04:25
0,17556.0,21.1319,21.1319,370991.6364,370991.6364,FTX,2020-11-17 22:04:26
1,17559.0,0.119,21.2509,2089.521,373081.1574,FTX,2020-11-17 22:04:26
2,17559.5,0.0297,21.2806,521.51715,373602.67455,FTX,2020-11-17 22:04:26
3,17560.0,0.089,21.3696,1562.84,375165.51455,FTX,2020-11-17 22:04:26
4,17561.0,0.8895,22.2591,15620.5095,390786.02405,FTX,2020-11-17 22:04:26
5,17561.5,0.1,22.3591,1756.15,392542.17405,FTX,2020-11-17 22:04:26
6,17563.0,0.526,22.8851,9238.138,401780.31205,FTX,2020-11-17 22:04:26
7,17566.0,0.637,23.5221,11189.542,412969.85405,FTX,2020-11-17 22:04:26
8,17567.0,0.1187,23.6408,2085.2029,415055.05695,FTX,2020-11-17 22:04:26
9,17570.5,0.9537,0.9537,16756.98585,16756.98585,FTXUS,2020-11-17 22:04:26
10,17572.0,0.1308,23.7716,2298.4176,417353.47455,FTX,2020-11-17 22:04:26
11,17572.5,0.125,23.8966,2196.5625,419550.03705,FTX,2020-11-17 22:04:26
12,17572.5,16.8555,17.8092,296193.27375,312950.2596,FTXUS,2020-11-17 22:04:26
13,17574.0,0.773,24.6696,13584.702,433134.73905,FTX,2020-11-17 22:04:26
14,17577.0,9.2512,33.9208,162608.3424,595743.08145,FTX,2020-11-17 22:04:26
15,17580.0,73.0925,90.9017,1284966.15,1597916.4096,FTXUS,2020-11-17 22:04:26
16,17581.5,0.9539,34.8747,16770.99285,612514.0743,FTX,2020-11-17 22:04:26
17,17583.0,0.0002,34.8749,3.5166,612517.5909,FTX,2020-11-17 22:04:26
18,17589.0,0.0001,34.875,1.7589,612519.3498,FTX,2020-11-17 22:04:26
19,17589.5,0.798,35.673,14036.421,626555.7708,FTX,2020-11-17 22:04:26
0,17556.0,0.019,0.019,333.564,333.564,FTX,2020-11-17 22:04:30
1,17557.5,0.4863,0.5053,8538.21225,8871.77625,FTX,2020-11-17 22:04:30
2,17558.0,0.0593,0.5646,1041.1894,9912.96565,FTX,2020-11-17 22:04:30
3,17559.0,0.1,0.6646,1755.9,11668.86565,FTX,2020-11-17 22:04:30
4,17559.5,0.0297,0.6943,521.51715,12190.3828,FTX,2020-11-17 22:04:30
5,17560.0,0.089,0.7833,1562.84,13753.2228,FTX,2020-11-17 22:04:30
6,17560.5,0.5039,1.2872,8848.73595,22601.95875,FTX,2020-11-17 22:04:30
7,17561.5,0.1,1.3872,1756.15,24358.10875,FTX,2020-11-17 22:04:30
8,17563.0,0.526,1.9132,9238.138,33596.24675,FTX,2020-11-17 22:04:30
9,17565.5,0.01,1.9232,175.655,33771.90175,FTX,2020-11-17 22:04:30
10,17566.0,0.627,2.5502,11013.882,44785.78375,FTX,2020-11-17 22:04:30
11,17567.0,0.8539,3.4041,15000.4613,59786.24505,FTX,2020-11-17 22:04:30
12,17568.0,12.5431,12.5431,220357.1808,220357.1808,FTXUS,2020-11-17 22:04:30
13,17570.5,0.9537,13.4968,16756.98585,237114.16665,FTXUS,2020-11-17 22:04:30
14,17572.0,10.1715,13.5756,178733.598,238519.84305,FTX,2020-11-17 22:04:30
15,17572.5,0.125,13.7006,2196.5625,240716.40555,FTX,2020-11-17 22:04:30
16,17574.0,0.773,14.4736,13584.702,254301.10755,FTX,2020-11-17 22:04:30
17,17577.0,61.0037,74.5005,1072262.0349,1309376.20155,FTXUS,2020-11-17 22:04:30
18,17580.0,73.0925,147.593,1284966.15,2594342.35155,FTXUS,2020-11-17 22:04:30
19,17581.5,0.897,15.3706,15770.6055,270071.71305,FTX,2020-11-17 22:04:30
0,17554.0,21.6285,21.6285,379666.689,379666.689,FTX,2020-11-17 22:04:31
1,17554.5,0.1424,21.7709,2499.7608,382166.4498,FTX,2020-11-17 22:04:31
2,17555.0,0.1186,21.8895,2082.023,384248.4728,FTX,2020-11-17 22:04:31
3,17556.0,0.4447,22.3342,7807.1532,392055.626,FTX,2020-11-17 22:04:31
4,17557.5,0.5457,22.8799,9581.12775,401636.75375,FTX,2020-11-17 22:04:31
5,17559.0,0.8895,23.7694,15618.7305,417255.48425,FTX,2020-11-17 22:04:31
6,17559.5,0.1,23.8694,1755.95,419011.43425,FTX,2020-11-17 22:04:31
7,17560.5,0.5039,24.3733,8848.73595,427860.1702,FTX,2020-11-17 22:04:31
8,17561.0,0.3262,24.6995,5728.3982,433588.5684,FTX,2020-11-17 22:04:31
9,17561.5,0.1,24.7995,1756.15,435344.7184,FTX,2020-11-17 22:04:31
10,17562.0,0.01,24.8095,175.62,435520.3384,FTX,2020-11-17 22:04:31
11,17563.0,0.1998,25.0093,3509.0874,439029.4258,FTX,2020-11-17 22:04:31
12,17566.0,0.7791,25.7884,13685.6706,452715.0964,FTX,2020-11-17 22:04:31
13,17567.0,0.8539,26.6423,15000.4613,467715.5577,FTX,2020-11-17 22:04:31
14,17568.0,12.5431,12.5431,220357.1808,220357.1808,FTXUS,2020-11-17 22:04:31
15,17570.5,0.9537,13.4968,16756.98585,237114.16665,FTXUS,2020-11-17 22:04:31
16,17572.0,10.0407,36.683,176435.1804,644150.7381,FTX,2020-11-17 22:04:31
17,17572.5,0.125,36.808,2196.5625,646347.3006,FTX,2020-11-17 22:04:31
18,17574.0,0.773,37.581,13584.702,659932.0026,FTX,2020-11-17 22:04:31
19,17577.0,61.0037,74.5005,1072262.0349,1309376.20155,FTXUS,2020-11-17 22:04:31
0,17551.0,0.1424,0.1424,2499.2624,2499.2624,FTX,2020-11-17 22:04:35
1,17552.5,0.019,0.1614,333.4975,2832.7599,FTX,2020-11-17 22:04:35
2,17553.0,0.01,0.1714,175.53,3008.2899,FTX,2020-11-17 22:04:35
3,17553.5,0.427,0.5984,7495.3445,10503.6344,FTX,2020-11-17 22:04:35
4,17555.0,0.1186,0.717,2082.023,12585.6574,FTX,2020-11-17 22:04:35
5,17555.5,0.2373,0.9543,4165.92015,16751.57755,FTX,2020-11-17 22:04:35
6,17556.0,0.4447,1.399,7807.1532,24558.73075,FTX,2020-11-17 22:04:35
7,17557.0,0.2668,1.6658,4684.2076,29242.93835,FTX,2020-11-17 22:04:35
8,17557.5,0.1187,1.7845,2084.07525,31327.0136,FTX,2020-11-17 22:04:35
9,17559.0,0.8895,2.674,15618.7305,46945.7441,FTX,2020-11-17 22:04:35
10,17560.5,0.1,2.774,1756.05,48701.7941,FTX,2020-11-17 22:04:35
11,17561.0,0.3262,3.1002,5728.3982,54430.1923,FTX,2020-11-17 22:04:35
12,17561.5,0.3004,3.4006,5275.4746,59705.6669,FTX,2020-11-17 22:04:35
13,17563.0,17.3428,17.3428,304591.5964,304591.5964,FTXUS,2020-11-17 22:04:35
14,17565.0,19.2706,36.6134,338488.089,643079.6854,FTXUS,2020-11-17 22:04:35
15,17566.0,0.7791,4.1797,13685.6706,73391.3375,FTX,2020-11-17 22:04:35
16,17567.0,0.8539,5.0336,15000.4613,88391.7988,FTX,2020-11-17 22:04:35
17,17569.0,10.1815,15.2151,178878.7735,267270.5723,FTX,2020-11-17 22:04:35
18,17570.5,49.2993,85.9127,866213.35065,1509293.03605,FTXUS,2020-11-17 22:04:35
19,17574.0,0.773,15.9881,13584.702,280855.2743,FTX,2020-11-17 22:04:35
0,17551.0,0.1424,0.1424,2499.2624,2499.2624,FTX,2020-11-17 22:04:36
1,17552.0,0.019,0.1614,333.488,2832.7504,FTX,2020-11-17 22:04:36
2,17552.5,0.0593,0.2207,1040.86325,3873.61365,FTX,2020-11-17 22:04:36
3,17553.0,0.01,0.2307,175.53,4049.14365,FTX,2020-11-17 22:04:36
4,17553.5,0.427,0.6577,7495.3445,11544.48815,FTX,2020-11-17 22:04:36
5,17555.0,0.0593,0.717,1041.0115,12585.49965,FTX,2020-11-17 22:04:36
6,17555.5,0.2373,0.9543,4165.92015,16751.4198,FTX,2020-11-17 22:04:36
7,17556.0,0.4744,1.4287,8328.5664,25079.9862,FTX,2020-11-17 22:04:36
8,17557.0,0.2668,1.6955,4684.2076,29764.1938,FTX,2020-11-17 22:04:36
9,17557.5,0.189,1.8845,3318.3675,33082.5613,FTX,2020-11-17 22:04:36
10,17558.5,0.4512,2.3357,7922.3952,41004.9565,FTX,2020-11-17 22:04:36
11,17559.0,0.8895,3.2252,15618.7305,56623.687,FTX,2020-11-17 22:04:36
12,17560.5,0.1,3.3252,1756.05,58379.737,FTX,2020-11-17 22:04:36
13,17561.5,0.2004,3.5256,3519.3246,61899.0616,FTX,2020-11-17 22:04:36
14,17563.0,17.3428,17.3428,304591.5964,304591.5964,FTXUS,2020-11-17 22:04:36
15,17565.0,19.2706,36.6134,338488.089,643079.6854,FTXUS,2020-11-17 22:04:36
16,17566.0,0.7791,4.3047,13685.6706,75584.7322,FTX,2020-11-17 22:04:36
17,17567.0,0.8539,5.1586,15000.4613,90585.1935,FTX,2020-11-17 22:04:36
18,17569.0,10.2384,15.397,179878.4496,270463.6431,FTX,2020-11-17 22:04:36
19,17570.5,49.2993,85.9127,866213.35065,1509293.03605,FTXUS,2020-11-17 22:04:36
0,17551.0,0.1424,0.1424,2499.2624,2499.2624,FTX,2020-11-17 22:04:40
1,17552.5,0.0593,0.2017,1040.86325,3540.12565,FTX,2020-11-17 22:04:40
2,17553.0,0.019,0.2207,333.507,3873.63265,FTX,2020-11-17 22:04:40
3,17553.5,0.427,0.6477,7495.3445,11368.97715,FTX,2020-11-17 22:04:40
4,17555.0,0.0593,0.707,1041.0115,12409.98865,FTX,2020-11-17 22:04:40
5,17555.5,0.2373,0.9443,4165.92015,16575.9088,FTX,2020-11-17 22:04:40
6,17556.0,0.4744,1.4187,8328.5664,24904.4752,FTX,2020-11-17 22:04:40
7,17557.0,0.2668,1.6855,4684.2076,29588.6828,FTX,2020-11-17 22:04:40
8,17557.5,0.189,1.8745,3318.3675,32907.0503,FTX,2020-11-17 22:04:40
9,17558.5,0.4512,2.3257,7922.3952,40829.4455,FTX,2020-11-17 22:04:40
10,17559.0,0.8895,3.2152,15618.7305,56448.176,FTX,2020-11-17 22:04:40
11,17561.0,0.1,3.3152,1756.1,58204.276,FTX,2020-11-17 22:04:40
12,17561.5,0.2004,3.5156,3519.3246,61723.6006,FTX,2020-11-17 22:04:40
13,17563.0,17.3428,17.3428,304591.5964,304591.5964,FTXUS,2020-11-17 22:04:40
14,17565.0,19.2706,36.6134,338488.089,643079.6854,FTXUS,2020-11-17 22:04:40
15,17566.0,0.7791,4.2947,13685.6706,75409.2712,FTX,2020-11-17 22:04:40
16,17567.0,0.8539,5.1486,15000.4613,90409.7325,FTX,2020-11-17 22:04:40
17,17569.0,10.1815,15.3301,178878.7735,269288.506,FTX,2020-11-17 22:04:40
18,17570.5,49.2993,85.9127,866213.35065,1509293.03605,FTXUS,2020-11-17 22:04:40
19,17574.0,0.773,16.1031,13584.702,282873.208,FTX,2020-11-17 22:04:40
0,17549.0,16.2901,16.2901,285874.9649,285874.9649,FTX,2020-11-17 22:04:51
1,17549.5,0.01,16.3001,175.495,286050.4599,FTX,2020-11-17 22:04:51
2,17550.5,0.019,16.3191,333.4595,286383.9194,FTX,2020-11-17 22:04:51
3,17551.0,0.0593,16.3784,1040.7743,287424.6937,FTX,2020-11-17 22:04:51
4,17552.0,0.1,16.4784,1755.2,289179.8937,FTX,2020-11-17 22:04:51
5,17552.5,0.0593,16.5377,1040.86325,290220.75695,FTX,2020-11-17 22:04:51
6,17553.5,0.0297,16.5674,521.33895,290742.0959,FTX,2020-11-17 22:04:51
7,17554.0,0.7114,17.2788,12487.9156,303230.0115,FTX,2020-11-17 22:04:51
8,17555.0,0.723,18.0018,12692.265,315922.2765,FTX,2020-11-17 22:04:51
9,17555.5,0.2077,18.2095,3646.27735,319568.55385,FTX,2020-11-17 22:04:51
10,17557.5,0.1,18.3095,1755.75,321324.30385,FTX,2020-11-17 22:04:51
11,17558.0,0.0806,18.3901,1415.1748,322739.47865,FTX,2020-11-17 22:04:51
12,17558.5,0.4512,18.8413,7922.3952,330661.87385,FTX,2020-11-17 22:04:51
13,17559.5,0.01,18.8513,175.595,330837.46885,FTX,2020-11-17 22:04:51
14,17561.5,1.0446,19.8959,18344.7429,349182.21175,FTX,2020-11-17 22:04:51
15,17562.0,0.1688,20.0647,2964.4656,352146.67735,FTX,2020-11-17 22:04:51
16,17562.0,12.5215,12.5215,219902.583,219902.583,FTXUS,2020-11-17 22:04:51
17,17566.0,0.627,20.6917,11013.882,363160.55935,FTX,2020-11-17 22:04:51
18,17566.0,0.9791,13.5006,17198.8706,237101.4536,FTXUS,2020-11-17 22:04:51
19,17569.0,10.1815,30.8732,178878.7735,542039.33285,FTX,2020-11-17 22:04:51
0,17549.0,16.347,16.347,286873.503,286873.503,FTX,2020-11-17 22:04:51
1,17549.5,0.029,16.376,508.9355,287382.4385,FTX,2020-11-17 22:04:51
2,17550.0,0.1424,16.5184,2499.12,289881.5585,FTX,2020-11-17 22:04:51
3,17551.0,0.0593,16.5777,1040.7743,290922.3328,FTX,2020-11-17 22:04:51
4,17551.5,0.1186,16.6963,2081.6079,293003.9407,FTX,2020-11-17 22:04:51
5,17552.0,0.4474,17.1437,7852.7648,300856.7055,FTX,2020-11-17 22:04:51
6,17552.5,0.504,17.6477,8846.46,309703.1655,FTX,2020-11-17 22:04:51
7,17553.5,0.1484,17.7961,2604.9394,312308.1049,FTX,2020-11-17 22:04:51
8,17554.0,0.8895,18.6856,15614.283,327922.3879,FTX,2020-11-17 22:04:51
9,17554.5,0.4271,19.1127,7497.52695,335419.91485,FTX,2020-11-17 22:04:51
10,17555.0,0.723,19.8357,12692.265,348112.17985,FTX,2020-11-17 22:04:51
11,17555.5,0.089,19.9247,1562.4395,349674.61935,FTX,2020-11-17 22:04:51
12,17556.5,0.3262,20.2509,5726.9303,355401.54965,FTX,2020-11-17 22:04:51
13,17557.5,0.1,20.3509,1755.75,357157.29965,FTX,2020-11-17 22:04:51
14,17558.5,0.125,20.4759,2194.8125,359352.11215,FTX,2020-11-17 22:04:51
15,17559.5,0.01,20.4859,175.595,359527.70715,FTX,2020-11-17 22:04:51
16,17561.5,1.0446,21.5305,18344.7429,377872.45005,FTX,2020-11-17 22:04:51
17,17562.0,12.5215,12.5215,219902.583,219902.583,FTXUS,2020-11-17 22:04:51
18,17562.0,0.1688,21.6993,2964.4656,380836.91565,FTX,2020-11-17 22:04:51
19,17566.0,0.9791,13.5006,17198.8706,237101.4536,FTXUS,2020-11-17 22:04:51
0,17547.0,0.0806,0.0806,1414.2882,1414.2882,FTX,2020-11-17 22:04:55
1,17547.5,0.1424,0.223,2498.764,3913.0522,FTX,2020-11-17 22:04:55
2,17548.0,0.1,0.323,1754.8,5667.8522,FTX,2020-11-17 22:04:55
3,17549.5,0.01,0.333,175.495,5843.3472,FTX,2020-11-17 22:04:55
4,17551.0,0.0593,0.3923,1040.7743,6884.1215,FTX,2020-11-17 22:04:55
5,17551.5,0.1186,0.5109,2081.6079,8965.7294,FTX,2020-11-17 22:04:55
6,17552.0,0.2668,0.7777,4682.8736,13648.603,FTX,2020-11-17 22:04:55
7,17552.5,0.4447,1.2224,7805.59675,21454.19975,FTX,2020-11-17 22:04:55
8,17553.5,0.9785,2.2009,17176.09975,38630.2995,FTX,2020-11-17 22:04:55
9,17554.5,0.089,2.2899,1562.3505,40192.65,FTX,2020-11-17 22:04:55
10,17555.0,0.723,3.0129,12692.265,52884.915,FTX,2020-11-17 22:04:55
11,17556.0,0.1187,3.1316,2083.8972,54968.8122,FTX,2020-11-17 22:04:55
12,17556.5,0.3262,3.4578,5726.9303,60695.7425,FTX,2020-11-17 22:04:55
13,17557.5,0.11,3.5678,1931.325,62627.0675,FTX,2020-11-17 22:04:55
14,17558.5,0.125,3.6928,2194.8125,64821.88,FTX,2020-11-17 22:04:55
15,17561.5,1.0446,4.7374,18344.7429,83166.6229,FTX,2020-11-17 22:04:55
16,17562.0,12.5215,12.5215,219902.583,219902.583,FTXUS,2020-11-17 22:04:55
17,17562.0,0.1688,4.9062,2964.4656,86131.0885,FTX,2020-11-17 22:04:55
18,17566.0,0.9791,13.5006,17198.8706,237101.4536,FTXUS,2020-11-17 22:04:55
19,17566.0,11.4819,16.3881,201691.0554,287822.1439,FTX,2020-11-17 22:04:55
0,17541.0,3.0823,3.0823,54066.6243,54066.6243,FTX,2020-11-17 22:05:00
1,17543.5,0.0593,3.1416,1040.32955,55106.95385,FTX,2020-11-17 22:05:00
2,17545.0,0.1593,3.3009,2794.9185,57901.87235,FTX,2020-11-17 22:05:00
3,17546.0,0.1187,3.4196,2082.7102,59984.58255,FTX,2020-11-17 22:05:00
4,17546.5,0.1103,3.5299,1935.37895,61919.9615,FTX,2020-11-17 22:05:00
5,17547.5,0.808,4.3379,14178.38,76098.3415,FTX,2020-11-17 22:05:00
6,17548.5,0.9895,5.3274,17364.24075,93462.58225,FTX,2020-11-17 22:05:00
7,17549.0,0.1186,5.446,2081.3114,95543.89365,FTX,2020-11-17 22:05:00
8,17549.5,0.2668,5.7128,4682.2066,100226.10025,FTX,2020-11-17 22:05:00
9,17550.0,0.01,5.7228,175.5,100401.60025,FTX,2020-11-17 22:05:00
10,17551.0,0.3262,6.049,5725.1362,106126.73645,FTX,2020-11-17 22:05:00
11,17554.0,0.1827,6.2317,3207.1158,109333.85225,FTX,2020-11-17 22:05:00
12,17555.0,0.723,6.9547,12692.265,122026.11725,FTX,2020-11-17 22:05:00
13,17556.0,0.8545,7.8092,15001.602,137027.71925,FTX,2020-11-17 22:05:00
14,17558.0,0.1,7.9092,1755.8,138783.51925,FTX,2020-11-17 22:05:00
15,17558.5,0.125,8.0342,2194.8125,140978.33175,FTX,2020-11-17 22:05:00
16,17561.5,0.9483,0.9483,16653.57045,16653.57045,FTXUS,2020-11-17 22:05:00
17,17561.5,10.9988,19.033,193155.4262,334133.75795,FTX,2020-11-17 22:05:00
18,17562.0,12.5215,13.4698,219902.583,236556.15345,FTXUS,2020-11-17 22:05:00
19,17566.0,0.627,19.66,11013.882,345147.63995,FTX,2020-11-17 22:05:00
0,17541.0,3.0823,3.0823,54066.6243,54066.6243,FTX,2020-11-17 22:05:01
1,17543.5,0.0593,3.1416,1040.32955,55106.95385,FTX,2020-11-17 22:05:01
2,17545.0,0.1593,3.3009,2794.9185,57901.87235,FTX,2020-11-17 22:05:01
3,17546.0,0.1187,3.4196,2082.7102,59984.58255,FTX,2020-11-17 22:05:01
4,17546.5,0.1103,3.5299,1935.37895,61919.9615,FTX,2020-11-17 22:05:01
5,17547.5,0.808,4.3379,14178.38,76098.3415,FTX,2020-11-17 22:05:01
6,17548.5,0.9895,5.3274,17364.24075,93462.58225,FTX,2020-11-17 22:05:01
7,17549.0,0.1186,5.446,2081.3114,95543.89365,FTX,2020-11-17 22:05:01
8,17549.5,0.2668,5.7128,4682.2066,100226.10025,FTX,2020-11-17 22:05:01
9,17550.0,0.01,5.7228,175.5,100401.60025,FTX,2020-11-17 22:05:01
10,17551.0,0.3262,6.049,5725.1362,106126.73645,FTX,2020-11-17 22:05:01
11,17554.0,0.1827,6.2317,3207.1158,109333.85225,FTX,2020-11-17 22:05:01
12,17555.0,0.723,6.9547,12692.265,122026.11725,FTX,2020-11-17 22:05:01
13,17556.0,0.8545,7.8092,15001.602,137027.71925,FTX,2020-11-17 22:05:01
14,17557.5,12.8245,12.8245,225166.15875,225166.15875,FTXUS,2020-11-17 22:05:01
15,17558.0,0.1,7.9092,1755.8,138783.51925,FTX,2020-11-17 22:05:01
16,17558.5,0.125,8.0342,2194.8125,140978.33175,FTX,2020-11-17 22:05:01
17,17561.5,10.9988,19.033,193155.4262,334133.75795,FTX,2020-11-17 22:05:01
18,17561.5,0.9483,13.7728,16653.57045,241819.7292,FTXUS,2020-11-17 22:05:01
19,17562.0,61.4049,75.1777,1078392.8538,1320212.583,FTXUS,2020-11-17 22:05:01
0,17536.5,4.2075,4.2075,73784.82375,73784.82375,FTX,2020-11-17 22:05:05
1,17537.5,0.1425,4.35,2499.09375,76283.9175,FTX,2020-11-17 22:05:05
2,17538.0,0.019,4.369,333.222,76617.1395,FTX,2020-11-17 22:05:05
3,17538.5,0.0593,4.4283,1040.03305,77657.17255,FTX,2020-11-17 22:05:05
4,17539.5,0.8136,5.2419,14270.1372,91927.30975,FTX,2020-11-17 22:05:05
5,17540.0,0.0593,5.3012,1040.122,92967.43175,FTX,2020-11-17 22:05:05
6,17540.5,0.1,5.4012,1754.05,94721.48175,FTX,2020-11-17 22:05:05
7,17541.0,0.2668,5.668,4679.9388,99401.42055,FTX,2020-11-17 22:05:05
8,17541.5,0.0297,5.6977,520.98255,99922.4031,FTX,2020-11-17 22:05:05
9,17542.5,0.1,5.7977,1754.25,101676.6531,FTX,2020-11-17 22:05:05
10,17543.0,0.1696,5.9673,2975.2928,104651.9459,FTX,2020-11-17 22:05:05
11,17545.0,0.4447,6.412,7802.2615,112454.2074,FTX,2020-11-17 22:05:05
12,17546.0,1.0082,7.4202,17689.8772,130144.0846,FTX,2020-11-17 22:05:05
13,17546.5,0.1927,7.6129,3381.21055,133525.29515,FTX,2020-11-17 22:05:05
14,17547.5,0.808,8.4209,14178.38,147703.67515,FTX,2020-11-17 22:05:05
15,17548.5,0.3262,8.7471,5724.3207,153427.99585,FTX,2020-11-17 22:05:05
16,17550.5,0.8547,9.6018,15000.41235,168428.4082,FTX,2020-11-17 22:05:05
17,17553.5,0.1409,9.7427,2473.28815,170901.69635,FTX,2020-11-17 22:05:05
18,17555.0,0.723,10.4657,12692.265,183593.96135,FTX,2020-11-17 22:05:05
19,17555.5,12.2036,12.2036,214240.2998,214240.2998,FTXUS,2020-11-17 22:05:05
0,17534.5,4.3802,4.3802,76804.6169,76804.6169,FTX,2020-11-17 22:05:10
1,17535.0,0.1525,4.5327,2674.0875,79478.7044,FTX,2020-11-17 22:05:10
2,17535.5,0.019,4.5517,333.1745,79811.8789,FTX,2020-11-17 22:05:10
3,17536.0,0.1186,4.6703,2079.7696,81891.6485,FTX,2020-11-17 22:05:10
4,17537.5,0.1806,4.8509,3167.2725,85058.921,FTX,2020-11-17 22:05:10
5,17538.0,0.4274,5.2783,7495.7412,92554.6622,FTX,2020-11-17 22:05:10
6,17538.5,0.1187,5.397,2081.81995,94636.48215,FTX,2020-11-17 22:05:10
7,17539.0,0.0297,5.4267,520.9083,95157.39045,FTX,2020-11-17 22:05:10
8,17539.5,0.8136,6.2403,14270.1372,109427.52765,FTX,2020-11-17 22:05:10
9,17540.5,0.189,6.4293,3315.1545,112742.68215,FTX,2020-11-17 22:05:10
10,17541.0,0.2668,6.6961,4679.9388,117422.62095,FTX,2020-11-17 22:05:10
11,17542.0,0.125,6.8211,2192.75,119615.37095,FTX,2020-11-17 22:05:10
12,17542.5,0.8895,7.7106,15604.05375,135219.4247,FTX,2020-11-17 22:05:10
13,17543.5,0.01,7.7206,175.435,135394.8597,FTX,2020-11-17 22:05:10
14,17546.5,0.1827,7.9033,3205.74555,138600.60525,FTX,2020-11-17 22:05:10
15,17547.5,0.808,8.7113,14178.38,152778.98525,FTX,2020-11-17 22:05:10
16,17548.5,12.5611,21.2724,220428.46335,373207.4486,FTX,2020-11-17 22:05:10
17,17549.0,0.1653,21.4377,2900.8497,376108.2983,FTX,2020-11-17 22:05:10
18,17550.5,0.8547,22.2924,15000.41235,391108.71065,FTX,2020-11-17 22:05:10
19,17551.0,16.3483,16.3483,286929.0133,286929.0133,FTXUS,2020-11-17 22:05:10
0,17534.5,4.4372,4.4372,77804.0834,77804.0834,FTX,2020-11-17 22:05:11
1,17535.0,0.1525,4.5897,2674.0875,80478.1709,FTX,2020-11-17 22:05:11
2,17536.0,0.1186,4.7083,2079.7696,82557.9405,FTX,2020-11-17 22:05:11
3,17537.5,0.2186,4.9269,3833.6975,86391.638,FTX,2020-11-17 22:05:11
4,17538.0,0.4274,5.3543,7495.7412,93887.3792,FTX,2020-11-17 22:05:11
5,17538.5,0.1187,5.473,2081.81995,95969.19915,FTX,2020-11-17 22:05:11
6,17539.0,0.0297,5.5027,520.9083,96490.10745,FTX,2020-11-17 22:05:11
7,17539.5,0.695,6.1977,12189.9525,108680.05995,FTX,2020-11-17 22:05:11
8,17540.5,0.189,6.3867,3315.1545,111995.21445,FTX,2020-11-17 22:05:11
9,17542.0,0.125,6.5117,2192.75,114187.96445,FTX,2020-11-17 22:05:11
10,17543.0,0.3262,6.8379,5722.5266,119910.49105,FTX,2020-11-17 22:05:11
11,17545.0,0.01,6.8479,175.45,120085.94105,FTX,2020-11-17 22:05:11
12,17546.5,0.1827,7.0306,3205.74555,123291.6866,FTX,2020-11-17 22:05:11
13,17547.5,0.808,7.8386,14178.38,137470.0666,FTX,2020-11-17 22:05:11
14,17548.5,12.5611,20.3997,220428.46335,357898.52995,FTX,2020-11-17 22:05:11
15,17549.0,0.1653,20.565,2900.8497,360799.37965,FTX,2020-11-17 22:05:11
16,17550.5,0.8547,21.4197,15000.41235,375799.792,FTX,2020-11-17 22:05:11
17,17551.0,16.3483,16.3483,286929.0133,286929.0133,FTXUS,2020-11-17 22:05:11
18,17553.0,0.7474,17.0957,13119.1122,300048.1255,FTXUS,2020-11-17 22:05:11
19,17555.0,0.723,22.1427,12692.265,388492.057,FTX,2020-11-17 22:05:11
0,17533.5,3.1804,3.1804,55763.5434,55763.5434,FTX,2020-11-17 22:05:16
1,17535.0,0.1525,3.3329,2674.0875,58437.6309,FTX,2020-11-17 22:05:16
2,17536.0,0.1186,3.4515,2079.7696,60517.4005,FTX,2020-11-17 22:05:16
3,17536.5,0.019,3.4705,333.1935,60850.594,FTX,2020-11-17 22:05:16
4,17537.0,0.0806,3.5511,1413.4822,62264.0762,FTX,2020-11-17 22:05:16
5,17537.5,0.1186,3.6697,2079.9475,64344.0237,FTX,2020-11-17 22:05:16
6,17538.0,0.4274,4.0971,7495.7412,71839.7649,FTX,2020-11-17 22:05:16
7,17538.5,0.3855,4.4826,6761.09175,78600.85665,FTX,2020-11-17 22:05:16
8,17539.0,0.2124,4.695,3725.2836,82326.14025,FTX,2020-11-17 22:05:16
9,17540.0,0.1,4.795,1754.0,84080.14025,FTX,2020-11-17 22:05:16
10,17540.5,0.189,4.984,3315.1545,87395.29475,FTX,2020-11-17 22:05:16
11,17542.0,0.125,5.109,2192.75,89588.04475,FTX,2020-11-17 22:05:16
12,17542.5,0.8895,5.9985,15604.05375,105192.0985,FTX,2020-11-17 22:05:16
13,17543.0,0.3262,6.3247,5722.5266,110914.6251,FTX,2020-11-17 22:05:16
14,17544.0,0.01,6.3347,175.44,111090.0651,FTX,2020-11-17 22:05:16
15,17545.0,18.722,18.722,328477.49,328477.49,FTXUS,2020-11-17 22:05:16
16,17547.5,0.808,7.1427,14178.38,125268.4451,FTX,2020-11-17 22:05:16
17,17548.5,12.5611,19.7038,220428.46335,345696.90845,FTX,2020-11-17 22:05:16
18,17549.0,0.5953,19.3173,10446.9197,338924.4097,FTXUS,2020-11-17 22:05:16
19,17550.0,0.1328,19.8366,2330.64,348027.54845,FTX,2020-11-17 22:05:16
0,17533.5,0.01,0.01,175.335,175.335,FTX,2020-11-17 22:05:20
1,17535.0,0.1425,0.1525,2498.7375,2674.0725,FTX,2020-11-17 22:05:20
2,17535.5,0.019,0.1715,333.1745,3007.247,FTX,2020-11-17 22:05:20
3,17536.0,0.1186,0.2901,2079.7696,5087.0166,FTX,2020-11-17 22:05:20
4,17537.5,0.1186,0.4087,2079.9475,7166.9641,FTX,2020-11-17 22:05:20
5,17538.0,0.4274,0.8361,7495.7412,14662.7053,FTX,2020-11-17 22:05:20
6,17538.5,0.3855,1.2216,6761.09175,21423.79705,FTX,2020-11-17 22:05:20
7,17539.0,0.2124,1.434,3725.2836,25149.08065,FTX,2020-11-17 22:05:20
8,17540.0,0.0806,1.5146,1413.724,26562.80465,FTX,2020-11-17 22:05:20
9,17540.5,0.189,1.7036,3315.1545,29877.95915,FTX,2020-11-17 22:05:20
10,17541.5,0.1,1.8036,1754.15,31632.10915,FTX,2020-11-17 22:05:20
11,17542.0,0.5697,2.3733,9993.6774,41625.78655,FTX,2020-11-17 22:05:20
12,17543.0,1.2157,3.589,21327.0251,62952.81165,FTX,2020-11-17 22:05:20
13,17543.5,0.01,3.599,175.435,63128.24665,FTX,2020-11-17 22:05:20
14,17545.0,18.722,18.722,328477.49,328477.49,FTXUS,2020-11-17 22:05:20
15,17545.5,0.1394,3.7384,2445.8427,65574.08935,FTX,2020-11-17 22:05:20
16,17547.5,0.808,4.5464,14178.38,79752.46935,FTX,2020-11-17 22:05:20
17,17548.5,12.5611,17.1075,220428.46335,300180.9327,FTX,2020-11-17 22:05:20
18,17549.0,0.5953,19.3173,10446.9197,338924.4097,FTXUS,2020-11-17 22:05:20
19,17550.0,49.7919,69.1092,873847.845,1212772.2547,FTXUS,2020-11-17 22:05:20
0,17533.5,0.01,0.01,175.335,175.335,FTX,2020-11-17 22:05:21
1,17535.0,0.1425,0.1525,2498.7375,2674.0725,FTX,2020-11-17 22:05:21
2,17536.0,0.0593,0.2118,1039.8848,3713.9573,FTX,2020-11-17 22:05:21
3,17537.0,0.019,0.2308,333.203,4047.1603,FTX,2020-11-17 22:05:21
4,17537.5,0.1186,0.3494,2079.9475,6127.1078,FTX,2020-11-17 22:05:21
5,17538.0,0.4274,0.7768,7495.7412,13622.849,FTX,2020-11-17 22:05:21
6,17538.5,0.3855,1.1623,6761.09175,20383.94075,FTX,2020-11-17 22:05:21
7,17539.0,0.1827,1.345,3204.3753,23588.31605,FTX,2020-11-17 22:05:21
8,17539.5,0.0297,1.3747,520.92315,24109.2392,FTX,2020-11-17 22:05:21
9,17540.0,0.1806,1.5553,3167.724,27276.9632,FTX,2020-11-17 22:05:21
10,17540.5,0.189,1.7443,3315.1545,30592.1177,FTX,2020-11-17 22:05:21
11,17542.0,0.5697,2.314,9993.6774,40585.7951,FTX,2020-11-17 22:05:21
12,17543.0,1.2157,3.5297,21327.0251,61912.8202,FTX,2020-11-17 22:05:21
13,17544.0,0.01,3.5397,175.44,62088.2602,FTX,2020-11-17 22:05:21
14,17545.0,18.722,18.722,328477.49,328477.49,FTXUS,2020-11-17 22:05:21
15,17545.5,0.1394,3.6791,2445.8427,64534.1029,FTX,2020-11-17 22:05:21
16,17547.5,0.808,4.4871,14178.38,78712.4829,FTX,2020-11-17 22:05:21
17,17548.5,12.5611,17.0482,220428.46335,299140.94625,FTX,2020-11-17 22:05:21
18,17549.0,0.5953,19.3173,10446.9197,338924.4097,FTXUS,2020-11-17 22:05:21
19,17550.0,49.7919,69.1092,873847.845,1212772.2547,FTXUS,2020-11-17 22:05:21
0,17535.0,0.1425,0.1425,2498.7375,2498.7375,FTX,2020-11-17 22:05:25
1,17535.5,0.0593,0.2018,1039.85515,3538.59265,FTX,2020-11-17 22:05:25
2,17536.0,0.019,0.2208,333.184,3871.77665,FTX,2020-11-17 22:05:25
3,17536.5,0.0593,0.2801,1039.91445,4911.6911,FTX,2020-11-17 22:05:25
4,17537.0,0.2482,0.5283,4352.6834,9264.3745,FTX,2020-11-17 22:05:25
5,17538.0,0.6942,1.2225,12174.8796,21439.2541,FTX,2020-11-17 22:05:25
6,17539.0,0.2716,1.4941,4763.5924,26202.8465,FTX,2020-11-17 22:05:25
7,17540.0,0.1673,1.6614,2934.442,29137.2885,FTX,2020-11-17 22:05:25
8,17540.5,0.8895,2.5509,15602.27475,44739.56325,FTX,2020-11-17 22:05:25
9,17541.5,0.3261,2.877,5720.28315,50459.8464,FTX,2020-11-17 22:05:25
10,17542.0,0.2437,3.1207,4274.9854,54734.8318,FTX,2020-11-17 22:05:25
11,17545.0,18.722,18.722,328477.49,328477.49,FTXUS,2020-11-17 22:05:25
12,17547.5,0.808,3.9287,14178.38,68913.2118,FTX,2020-11-17 22:05:25
13,17548.5,12.6181,16.5468,221428.72785,290341.93965,FTX,2020-11-17 22:05:25
14,17549.0,0.5953,19.3173,10446.9197,338924.4097,FTXUS,2020-11-17 22:05:25
15,17549.5,0.1308,16.6776,2295.4746,292637.41425,FTX,2020-11-17 22:05:25
16,17550.0,49.7919,69.1092,873847.845,1212772.2547,FTXUS,2020-11-17 22:05:25
17,17550.5,0.8547,17.5323,15000.41235,307637.8266,FTX,2020-11-17 22:05:25
18,17555.0,0.723,18.2553,12692.265,320330.0916,FTX,2020-11-17 22:05:25
19,17561.0,0.0002,18.2555,3.5122,320333.6038,FTX,2020-11-17 22:05:25
0,17532.5,0.1425,0.1425,2498.38125,2498.38125,FTX,2020-11-17 22:05:31
1,17534.0,0.019,0.1615,333.146,2831.52725,FTX,2020-11-17 22:05:31
2,17534.5,0.4275,0.589,7495.99875,10327.526,FTX,2020-11-17 22:05:31
3,17535.5,0.0593,0.6483,1039.85515,11367.38115,FTX,2020-11-17 22:05:31
4,17536.5,0.3155,0.9638,5532.76575,16900.1469,FTX,2020-11-17 22:05:31
5,17537.0,0.2669,1.2307,4680.6253,21580.7722,FTX,2020-11-17 22:05:31
6,17538.5,1.3342,2.5649,23399.8667,44980.6389,FTX,2020-11-17 22:05:31
7,17539.0,0.4495,3.0144,7883.7805,52864.4194,FTX,2020-11-17 22:05:31
8,17540.0,0.3261,3.3405,5719.794,58584.2134,FTX,2020-11-17 22:05:31
9,17542.0,0.125,3.4655,2192.75,60776.9634,FTX,2020-11-17 22:05:31
10,17543.5,0.11,3.5755,1929.785,62706.7484,FTX,2020-11-17 22:05:31
11,17545.0,18.722,18.722,328477.49,328477.49,FTXUS,2020-11-17 22:05:31
12,17545.5,0.9665,4.542,16957.72575,79664.47415,FTX,2020-11-17 22:05:31
13,17547.5,0.808,5.35,14178.38,93842.85415,FTX,2020-11-17 22:05:31
14,17548.5,12.6181,17.9681,221428.72785,315271.582,FTX,2020-11-17 22:05:31
15,17549.0,0.6995,19.4215,12275.5255,340753.0155,FTXUS,2020-11-17 22:05:31
16,17550.0,49.7919,69.2134,873847.845,1214600.8605,FTXUS,2020-11-17 22:05:31
17,17555.0,0.723,18.6911,12692.265,327963.847,FTX,2020-11-17 22:05:31
18,17561.0,0.0002,18.6913,3.5122,327967.3592,FTX,2020-11-17 22:05:31
19,17566.0,121.0846,190.298,2126972.0836,3341572.9441,FTXUS,2020-11-17 22:05:31
0,17532.0,0.1615,0.1615,2831.418,2831.418,FTX,2020-11-17 22:05:35
1,17532.5,0.01,0.1715,175.325,3006.743,FTX,2020-11-17 22:05:35
2,17533.5,0.2562,0.4277,4492.0827,7498.8257,FTX,2020-11-17 22:05:35
3,17534.0,0.1,0.5277,1753.4,9252.2257,FTX,2020-11-17 22:05:35
4,17534.5,0.5757,1.1034,10094.61165,19346.83735,FTX,2020-11-17 22:05:35
5,17535.0,0.2667,1.3701,4676.5845,24023.42185,FTX,2020-11-17 22:05:35
6,17536.0,0.1185,1.4886,2078.016,26101.43785,FTX,2020-11-17 22:05:35
7,17537.0,0.1187,1.6073,2081.6419,28183.07975,FTX,2020-11-17 22:05:35
8,17538.0,0.4447,2.052,7799.1486,35982.22835,FTX,2020-11-17 22:05:35
9,17539.0,0.1827,2.2347,3204.3753,39186.60365,FTX,2020-11-17 22:05:35
10,17539.5,0.884,3.1187,15504.918,54691.52165,FTX,2020-11-17 22:05:35
11,17540.5,0.3259,3.4446,5716.44895,60407.9706,FTX,2020-11-17 22:05:35
12,17542.0,0.125,3.5696,2192.75,62600.7206,FTX,2020-11-17 22:05:35
13,17542.5,13.969,13.969,245051.1825,245051.1825,FTXUS,2020-11-17 22:05:35
14,17542.5,0.01,3.5796,175.425,62776.1456,FTX,2020-11-17 22:05:35
15,17543.5,0.1,3.6796,1754.35,64530.4956,FTX,2020-11-17 22:05:35
16,17545.0,18.722,32.691,328477.49,573528.6725,FTXUS,2020-11-17 22:05:35
17,17545.5,0.9665,4.6461,16957.72575,81488.22135,FTX,2020-11-17 22:05:35
18,17547.5,0.808,5.4541,14178.38,95666.60135,FTX,2020-11-17 22:05:35
19,17548.5,12.5611,18.0152,220428.46335,316095.0647,FTX,2020-11-17 22:05:35
0,17532.0,0.1615,0.1615,2831.418,2831.418,FTX,2020-11-17 22:05:36
1,17532.5,0.01,0.1715,175.325,3006.743,FTX,2020-11-17 22:05:36
2,17533.5,0.2562,0.4277,4492.0827,7498.8257,FTX,2020-11-17 22:05:36
3,17534.0,0.1,0.5277,1753.4,9252.2257,FTX,2020-11-17 22:05:36
4,17534.5,0.5757,1.1034,10094.61165,19346.83735,FTX,2020-11-17 22:05:36
5,17535.0,0.2667,1.3701,4676.5845,24023.42185,FTX,2020-11-17 22:05:36
6,17536.0,0.1185,1.4886,2078.016,26101.43785,FTX,2020-11-17 22:05:36
7,17537.0,0.1187,1.6073,2081.6419,28183.07975,FTX,2020-11-17 22:05:36
8,17538.0,0.4447,2.052,7799.1486,35982.22835,FTX,2020-11-17 22:05:36
9,17539.0,0.1827,2.2347,3204.3753,39186.60365,FTX,2020-11-17 22:05:36
10,17539.5,0.884,3.1187,15504.918,54691.52165,FTX,2020-11-17 22:05:36
11,17540.5,0.3259,3.4446,5716.44895,60407.9706,FTX,2020-11-17 22:05:36
12,17542.0,0.125,3.5696,2192.75,62600.7206,FTX,2020-11-17 22:05:36
13,17542.5,0.01,3.5796,175.425,62776.1456,FTX,2020-11-17 22:05:36
14,17542.5,13.4609,13.4609,236137.83825,236137.83825,FTXUS,2020-11-17 22:05:36
15,17543.5,0.1,3.6796,1754.35,64530.4956,FTX,2020-11-17 22:05:36
16,17544.5,0.9503,14.4112,16672.53835,252810.3766,FTXUS,2020-11-17 22:05:36
17,17545.5,0.9665,4.6461,16957.72575,81488.22135,FTX,2020-11-17 22:05:36
18,17547.5,0.808,5.4541,14178.38,95666.60135,FTX,2020-11-17 22:05:36
19,17548.5,12.5611,18.0152,220428.46335,316095.0647,FTX,2020-11-17 22:05:36
0,17529.5,0.1,0.1,1752.95,1752.95,FTX,2020-11-17 22:05:41
1,17530.0,3.8234,3.9234,67024.202,68777.152,FTX,2020-11-17 22:05:41
2,17530.5,0.1673,4.0907,2932.85265,71710.00465,FTX,2020-11-17 22:05:41
3,17531.5,0.4869,4.5776,8536.08735,80246.092,FTX,2020-11-17 22:05:41
4,17532.0,0.742,5.3196,13008.744,93254.836,FTX,2020-11-17 22:05:41
5,17532.5,0.4447,5.7643,7796.70275,101051.53875,FTX,2020-11-17 22:05:41
6,17533.0,0.0296,5.7939,518.9768,101570.51555,FTX,2020-11-17 22:05:41
7,17533.5,0.1776,5.9715,3113.9496,104684.46515,FTX,2020-11-17 22:05:41
8,17534.0,0.0889,6.0604,1558.7726,106243.23775,FTX,2020-11-17 22:05:41
9,17534.5,1.156,7.2164,20269.882,126513.11975,FTX,2020-11-17 22:05:41
10,17535.0,0.1186,7.335,2079.651,128592.77075,FTX,2020-11-17 22:05:41
11,17537.5,0.3256,7.6606,5710.21,134302.98075,FTX,2020-11-17 22:05:41
12,17539.0,0.01,7.6706,175.39,134478.37075,FTX,2020-11-17 22:05:41
13,17539.5,0.984,8.6546,17258.868,151737.23875,FTX,2020-11-17 22:05:41
14,17541.0,0.8551,9.5097,14999.3091,166736.54785,FTX,2020-11-17 22:05:41
15,17541.5,0.1445,9.6542,2534.74675,169271.2946,FTX,2020-11-17 22:05:41
16,17542.0,0.125,9.7792,2192.75,171464.0446,FTX,2020-11-17 22:05:41
17,17542.5,13.4609,13.4609,236137.83825,236137.83825,FTXUS,2020-11-17 22:05:41
18,17543.5,8.4872,18.2664,148895.1932,320359.2378,FTX,2020-11-17 22:05:41
19,17544.5,0.9503,14.4112,16672.53835,252810.3766,FTXUS,2020-11-17 22:05:41
0,17525.5,4.1598,4.1598,72902.5749,72902.5749,FTX,2020-11-17 22:05:45
1,17526.0,0.1184,4.2782,2075.0784,74977.6533,FTX,2020-11-17 22:05:45
2,17526.5,17.8625,22.1407,313067.10625,388044.75955,FTX,2020-11-17 22:05:45
3,17527.0,0.3845,22.5252,6739.1315,394783.89105,FTX,2020-11-17 22:05:45
4,17529.0,0.4276,22.9528,7495.4004,402279.29145,FTX,2020-11-17 22:05:45
5,17530.0,0.1,23.0528,1753.0,404032.29145,FTX,2020-11-17 22:05:45
6,17530.5,0.1,23.1528,1753.05,405785.34145,FTX,2020-11-17 22:05:45
7,17531.5,0.0887,23.2415,1555.04405,407340.3855,FTX,2020-11-17 22:05:45
8,17532.0,0.742,23.9835,13008.744,420349.1295,FTX,2020-11-17 22:05:45
9,17533.5,0.2154,24.1989,3776.7159,424125.8454,FTX,2020-11-17 22:05:45
10,17534.5,0.2765,24.4754,4848.28925,428974.13465,FTX,2020-11-17 22:05:45
11,17536.5,0.8553,25.3307,14998.96845,443973.1031,FTX,2020-11-17 22:05:45
12,17536.5,16.5854,16.5854,290849.8671,290849.8671,FTXUS,2020-11-17 22:05:45
13,17539.5,0.884,26.2147,15504.918,459478.0211,FTX,2020-11-17 22:05:45
14,17542.0,0.125,26.3397,2192.75,461670.7711,FTX,2020-11-17 22:05:45
15,17543.5,8.4872,34.8269,148895.1932,610565.9643,FTX,2020-11-17 22:05:45
16,17547.5,0.808,35.6349,14178.38,624744.3443,FTX,2020-11-17 22:05:45
17,17550.0,49.7919,66.3773,873847.845,1164697.7121,FTXUS,2020-11-17 22:05:45
18,17552.5,85.2441,151.6214,1496247.06525,2660944.77735,FTXUS,2020-11-17 22:05:45
19,17553.0,80.888,232.5094,1419827.064,4080771.84135,FTXUS,2020-11-17 22:05:45
0,17519.0,0.01,0.01,175.19,175.19,FTX,2020-11-17 22:05:46
1,17520.5,0.1673,0.1773,2931.17965,3106.36965,FTX,2020-11-17 22:05:46
2,17521.5,0.0592,0.2365,1037.2728,4143.64245,FTX,2020-11-17 22:05:46
3,17522.5,0.125,0.3615,2190.3125,6333.95495,FTX,2020-11-17 22:05:46
4,17523.0,0.1426,0.5041,2498.7798,8832.73475,FTX,2020-11-17 22:05:46
5,17523.5,0.119,0.6231,2085.2965,10918.03125,FTX,2020-11-17 22:05:46
6,17524.0,0.0296,0.6527,518.7104,11436.74165,FTX,2020-11-17 22:05:46
7,17524.5,0.927,1.5797,16245.2115,27681.95315,FTX,2020-11-17 22:05:46
8,17525.0,0.0887,1.6684,1554.4675,29236.42065,FTX,2020-11-17 22:05:46
9,17525.5,0.0591,1.7275,1035.75705,30272.1777,FTX,2020-11-17 22:05:46
10,17526.0,0.2184,1.9459,3827.6784,34099.8561,FTX,2020-11-17 22:05:46
11,17527.0,0.4277,2.3736,7496.2979,41596.154,FTX,2020-11-17 22:05:46
12,17528.5,0.3252,2.6988,5700.2682,47296.4222,FTX,2020-11-17 22:05:46
13,17529.0,0.1662,2.865,2913.3198,50209.742,FTX,2020-11-17 22:05:46
14,17529.5,0.01,2.875,175.295,50385.037,FTX,2020-11-17 22:05:46
15,17532.0,0.742,3.617,13008.744,63393.781,FTX,2020-11-17 22:05:46
16,17533.5,0.1184,3.7354,2075.9664,65469.7474,FTX,2020-11-17 22:05:46
17,17536.5,16.5854,16.5854,290849.8671,290849.8671,FTXUS,2020-11-17 22:05:46
18,17536.5,0.8553,4.5907,14998.96845,80468.71585,FTX,2020-11-17 22:05:46
19,17539.5,0.884,5.4747,15504.918,95973.63385,FTX,2020-11-17 22:05:46
0,17527.5,0.2661,0.2661,4664.06775,4664.06775,FTX,2020-11-17 22:05:51
1,17528.0,0.0592,0.3253,1037.6576,5701.72535,FTX,2020-11-17 22:05:51
2,17528.5,0.1183,0.4436,2073.62155,7775.3469,FTX,2020-11-17 22:05:51
3,17530.5,0.0296,0.4732,518.9028,8294.2497,FTX,2020-11-17 22:05:51
4,17531.5,0.0887,0.5619,1555.04405,9849.29375,FTX,2020-11-17 22:05:51
5,17532.5,0.019,0.5809,333.1175,10182.41125,FTX,2020-11-17 22:05:51
6,17533.0,0.3254,0.9063,5705.2382,15887.64945,FTX,2020-11-17 22:05:51
7,17534.0,0.1184,1.0247,2076.0256,17963.67505,FTX,2020-11-17 22:05:51
8,17536.5,0.8553,1.88,14998.96845,32962.6435,FTX,2020-11-17 22:05:51
9,17538.5,0.1,1.98,1753.85,34716.4935,FTX,2020-11-17 22:05:51
10,17539.0,0.1487,2.1287,2608.0493,37324.5428,FTX,2020-11-17 22:05:51
11,17543.5,8.4872,10.6159,148895.1932,186219.736,FTX,2020-11-17 22:05:51
12,17545.5,0.686,0.686,12036.213,12036.213,FTXUS,2020-11-17 22:05:51
13,17547.5,0.808,11.4239,14178.38,200398.116,FTX,2020-11-17 22:05:51
14,17552.5,85.2441,85.9301,1496247.06525,1508283.27825,FTXUS,2020-11-17 22:05:51
15,17561.0,0.0002,11.4241,3.5122,200401.6282,FTX,2020-11-17 22:05:51
16,17566.0,121.0846,207.0147,2126972.0836,3635255.36185,FTXUS,2020-11-17 22:05:51
17,17567.0,0.0379,11.462,665.7893,201067.4175,FTX,2020-11-17 22:05:51
18,17567.5,11.705,23.167,205627.5875,406695.005,FTX,2020-11-17 22:05:51
19,17582.5,90.6689,297.6836,1594185.93425,5229441.2961,FTXUS,2020-11-17 22:05:51
0,17534.0,0.125,0.125,2191.75,2191.75,FTX,2020-11-17 22:05:55
1,17534.5,0.1425,0.2675,2498.66625,4690.41625,FTX,2020-11-17 22:05:55
2,17535.0,0.4276,0.6951,7497.966,12188.38225,FTX,2020-11-17 22:05:55
3,17535.5,0.019,0.7141,333.1745,12521.55675,FTX,2020-11-17 22:05:55
4,17536.0,0.0592,0.7733,1038.1312,13559.68795,FTX,2020-11-17 22:05:55
5,17536.5,0.1185,0.8918,2078.07525,15637.7632,FTX,2020-11-17 22:05:55
6,17537.5,0.0296,0.9214,519.11,16156.8732,FTX,2020-11-17 22:05:55
7,17538.0,0.1887,1.1101,3309.4206,19466.2938,FTX,2020-11-17 22:05:55
8,17539.0,0.0002,1.1103,3.5078,19469.8016,FTX,2020-11-17 22:05:55
9,17540.0,0.1,1.2103,1754.0,21223.8016,FTX,2020-11-17 22:05:55
10,17540.5,0.3255,1.5358,5709.43275,26933.23435,FTX,2020-11-17 22:05:55
11,17543.5,8.4872,10.023,148895.1932,175828.42755,FTX,2020-11-17 22:05:55
12,17544.5,62.4129,62.4129,1095003.12405,1095003.12405,FTXUS,2020-11-17 22:05:55
13,17545.5,0.686,63.0989,12036.213,1107039.33705,FTXUS,2020-11-17 22:05:55
14,17547.5,0.9712,10.9942,17042.132,192870.55955,FTX,2020-11-17 22:05:55
15,17550.5,0.8549,11.8491,15003.92245,207874.482,FTX,2020-11-17 22:05:55
16,17552.5,85.2441,148.343,1496247.06525,2603286.4023,FTXUS,2020-11-17 22:05:55
17,17561.0,0.0002,11.8493,3.5122,207877.9942,FTX,2020-11-17 22:05:55
18,17566.0,121.0846,269.4276,2126972.0836,4730258.4859,FTXUS,2020-11-17 22:05:55
19,17567.0,0.0379,11.8872,665.7893,208543.7835,FTX,2020-11-17 22:05:55
0,17534.0,0.125,0.125,2191.75,2191.75,FTX,2020-11-17 22:05:56
1,17534.5,0.1425,0.2675,2498.66625,4690.41625,FTX,2020-11-17 22:05:56
2,17535.0,0.4276,0.6951,7497.966,12188.38225,FTX,2020-11-17 22:05:56
3,17535.5,0.019,0.7141,333.1745,12521.55675,FTX,2020-11-17 22:05:56
4,17536.0,0.0592,0.7733,1038.1312,13559.68795,FTX,2020-11-17 22:05:56
5,17536.5,0.1185,0.8918,2078.07525,15637.7632,FTX,2020-11-17 22:05:56
6,17537.5,0.0296,0.9214,519.11,16156.8732,FTX,2020-11-17 22:05:56
7,17538.0,0.1887,1.1101,3309.4206,19466.2938,FTX,2020-11-17 22:05:56
8,17539.0,0.0002,1.1103,3.5078,19469.8016,FTX,2020-11-17 22:05:56
9,17540.0,0.1,1.2103,1754.0,21223.8016,FTX,2020-11-17 22:05:56
10,17540.5,0.3255,1.5358,5709.43275,26933.23435,FTX,2020-11-17 22:05:56
11,17543.5,8.4872,10.023,148895.1932,175828.42755,FTX,2020-11-17 22:05:56
12,17547.5,0.9712,10.9942,17042.132,192870.55955,FTX,2020-11-17 22:05:56
13,17549.5,0.791,0.791,13881.6545,13881.6545,FTXUS,2020-11-17 22:05:56
14,17550.5,0.8549,11.8491,15003.92245,207874.482,FTX,2020-11-17 22:05:56
15,17552.5,85.2441,86.0351,1496247.06525,1510128.71975,FTXUS,2020-11-17 22:05:56
16,17561.0,0.0002,11.8493,3.5122,207877.9942,FTX,2020-11-17 22:05:56
17,17566.0,121.0846,207.1197,2126972.0836,3637100.80335,FTXUS,2020-11-17 22:05:56
18,17567.0,0.0379,11.8872,665.7893,208543.7835,FTX,2020-11-17 22:05:56
19,17567.5,11.705,23.5922,205627.5875,414171.371,FTX,2020-11-17 22:05:56
0,17537.5,0.1721,0.1721,3018.20375,3018.20375,FTX,2020-11-17 22:05:56
1,17538.5,0.019,0.1911,333.2315,3351.43525,FTX,2020-11-17 22:05:56
2,17539.0,0.1252,0.3163,2195.8828,5547.31805,FTX,2020-11-17 22:05:56
3,17539.5,0.0999,0.4162,1752.19605,7299.5141,FTX,2020-11-17 22:05:56
4,17540.0,0.5163,0.9325,9055.902,16355.4161,FTX,2020-11-17 22:05:56
5,17542.0,1.3342,2.2667,23404.5364,39759.9525,FTX,2020-11-17 22:05:56
6,17542.5,0.3256,2.5923,5711.838,45471.7905,FTX,2020-11-17 22:05:56
7,17543.0,0.1185,2.7108,2078.8455,47550.636,FTX,2020-11-17 22:05:56
8,17543.5,8.4872,11.198,148895.1932,196445.8292,FTX,2020-11-17 22:05:56
9,17545.5,0.1,11.298,1754.55,198200.3792,FTX,2020-11-17 22:05:56
10,17547.5,0.9712,12.2692,17042.132,215242.5112,FTX,2020-11-17 22:05:56
11,17549.5,0.791,0.791,13881.6545,13881.6545,FTXUS,2020-11-17 22:05:56
12,17550.5,0.8549,13.1241,15003.92245,230246.43365,FTX,2020-11-17 22:05:56
13,17552.5,85.2441,86.0351,1496247.06525,1510128.71975,FTXUS,2020-11-17 22:05:56
14,17561.0,0.0002,13.1243,3.5122,230249.94585,FTX,2020-11-17 22:05:56
15,17566.0,121.0846,207.1197,2126972.0836,3637100.80335,FTXUS,2020-11-17 22:05:56
16,17567.0,0.0379,13.1622,665.7893,230915.73515,FTX,2020-11-17 22:05:56
17,17567.5,11.762,24.9242,206628.935,437544.67015,FTX,2020-11-17 22:05:56
18,17582.5,90.6689,297.7886,1594185.93425,5231286.7376,FTXUS,2020-11-17 22:05:56
19,17583.0,0.0002,24.9244,3.5166,437548.18675,FTX,2020-11-17 22:05:56
0,17539.0,0.0002,0.0002,3.5078,3.5078,FTX,2020-11-17 22:06:01
1,17541.5,0.0593,0.0595,1040.21095,1043.71875,FTX,2020-11-17 22:06:01
2,17542.5,0.019,0.0785,333.3075,1377.02625,FTX,2020-11-17 22:06:01
3,17543.0,0.1546,0.2331,2712.1478,4089.17405,FTX,2020-11-17 22:06:01
4,17544.5,0.2184,0.4515,3831.7188,7920.89285,FTX,2020-11-17 22:06:01
5,17545.0,0.1425,0.594,2500.1625,10421.05535,FTX,2020-11-17 22:06:01
6,17546.0,0.0888,0.6828,1558.0848,11979.14015,FTX,2020-11-17 22:06:01
7,17547.0,0.3256,1.0084,5713.3032,17692.44335,FTX,2020-11-17 22:06:01
8,17547.5,1.2527,2.2611,21981.75325,39674.1966,FTX,2020-11-17 22:06:01
9,17548.0,0.4273,2.6884,7498.2604,47172.457,FTX,2020-11-17 22:06:01
10,17550.0,0.8895,3.5779,15610.725,62783.182,FTX,2020-11-17 22:06:01
11,17551.0,65.5423,65.5423,1150332.9073,1150332.9073,FTXUS,2020-11-17 22:06:01
12,17551.5,9.0405,12.6184,158674.33575,221457.51775,FTX,2020-11-17 22:06:01
13,17552.5,85.2441,150.7864,1496247.06525,2646579.97255,FTXUS,2020-11-17 22:06:01
14,17552.5,0.1457,12.7641,2557.39925,224014.917,FTX,2020-11-17 22:06:01
15,17554.0,0.7545,151.5409,13244.493,2659824.46555,FTXUS,2020-11-17 22:06:01
16,17557.5,0.8546,13.6187,15004.6395,239019.5565,FTX,2020-11-17 22:06:01
17,17561.0,0.0002,13.6189,3.5122,239023.0687,FTX,2020-11-17 22:06:01
18,17566.0,121.0846,272.6255,2126972.0836,4786796.54915,FTXUS,2020-11-17 22:06:01
19,17567.5,11.705,25.3239,205627.5875,444650.6562,FTX,2020-11-17 22:06:01
0,17543.0,0.1546,0.1546,2712.1478,2712.1478,FTX,2020-11-17 22:06:05
1,17544.5,0.1778,0.3324,3119.4121,5831.5599,FTX,2020-11-17 22:06:05
2,17545.0,0.057,0.3894,1000.065,6831.6249,FTX,2020-11-17 22:06:05
3,17546.5,0.0999,0.4893,1752.89535,8584.52025,FTX,2020-11-17 22:06:05
4,17548.0,0.4273,0.9166,7498.2604,16082.78065,FTX,2020-11-17 22:06:05
5,17549.0,0.1,1.0166,1754.9,17837.68065,FTX,2020-11-17 22:06:05
6,17550.0,0.8895,1.9061,15610.725,33448.40565,FTX,2020-11-17 22:06:05
7,17550.5,0.4547,2.3608,7980.21235,41428.618,FTX,2020-11-17 22:06:05
8,17551.0,65.5423,65.5423,1150332.9073,1150332.9073,FTXUS,2020-11-17 22:06:05
9,17551.5,9.3662,11.727,164390.8593,205819.4773,FTX,2020-11-17 22:06:05
10,17552.5,85.2441,150.7864,1496247.06525,2646579.97255,FTXUS,2020-11-17 22:06:05
11,17554.0,0.7545,151.5409,13244.493,2659824.46555,FTXUS,2020-11-17 22:06:05
12,17555.5,0.823,12.55,14448.1765,220267.6538,FTX,2020-11-17 22:06:05
13,17557.0,0.1274,12.6774,2236.7618,222504.4156,FTX,2020-11-17 22:06:05
14,17557.5,0.8546,13.532,15004.6395,237509.0551,FTX,2020-11-17 22:06:05
15,17558.5,0.6286,152.1695,11037.2731,2670861.73865,FTXUS,2020-11-17 22:06:05
16,17561.0,0.0002,13.5322,3.5122,237512.5673,FTX,2020-11-17 22:06:05
17,17566.0,121.0846,273.2541,2126972.0836,4797833.82225,FTXUS,2020-11-17 22:06:05
18,17567.5,11.705,25.2372,205627.5875,443140.1548,FTX,2020-11-17 22:06:05
19,17582.5,90.6689,363.923,1594185.93425,6392019.7565,FTXUS,2020-11-17 22:06:05
0,17543.0,0.1546,0.1546,2712.1478,2712.1478,FTX,2020-11-17 22:06:06
1,17544.5,0.1778,0.3324,3119.4121,5831.5599,FTX,2020-11-17 22:06:06
2,17545.0,0.057,0.3894,1000.065,6831.6249,FTX,2020-11-17 22:06:06
3,17546.5,0.0999,0.4893,1752.89535,8584.52025,FTX,2020-11-17 22:06:06
4,17548.0,0.4273,0.9166,7498.2604,16082.78065,FTX,2020-11-17 22:06:06
5,17549.0,0.1,1.0166,1754.9,17837.68065,FTX,2020-11-17 22:06:06
6,17550.0,0.8895,1.9061,15610.725,33448.40565,FTX,2020-11-17 22:06:06
7,17550.5,0.4547,2.3608,7980.21235,41428.618,FTX,2020-11-17 22:06:06
8,17551.5,9.3662,11.727,164390.8593,205819.4773,FTX,2020-11-17 22:06:06
9,17552.5,85.2441,85.2441,1496247.06525,1496247.06525,FTXUS,2020-11-17 22:06:06
10,17555.5,0.823,12.55,14448.1765,220267.6538,FTX,2020-11-17 22:06:06
11,17557.0,0.1274,12.6774,2236.7618,222504.4156,FTX,2020-11-17 22:06:06
12,17557.5,0.8546,13.532,15004.6395,237509.0551,FTX,2020-11-17 22:06:06
13,17558.5,0.6286,85.8727,11037.2731,1507284.33835,FTXUS,2020-11-17 22:06:06
14,17561.0,0.0002,13.5322,3.5122,237512.5673,FTX,2020-11-17 22:06:06
15,17566.0,121.0846,206.9573,2126972.0836,3634256.42195,FTXUS,2020-11-17 22:06:06
16,17567.5,11.705,25.2372,205627.5875,443140.1548,FTX,2020-11-17 22:06:06
17,17582.5,90.6689,297.6262,1594185.93425,5228442.3562,FTXUS,2020-11-17 22:06:06
18,17583.0,0.0002,25.2374,3.5166,443143.6714,FTX,2020-11-17 22:06:06
19,17589.0,0.0003,25.2377,5.2767,443148.9481,FTX,2020-11-17 22:06:06
0,17546.5,0.0593,0.0593,1040.50745,1040.50745,FTX,2020-11-17 22:06:11
1,17547.0,0.1185,0.1778,2079.3195,3119.82695,FTX,2020-11-17 22:06:11
2,17548.0,0.4273,0.6051,7498.2604,10618.08735,FTX,2020-11-17 22:06:11
3,17550.5,0.125,0.7301,2193.8125,12811.89985,FTX,2020-11-17 22:06:11
4,17552.0,0.019,0.7491,333.488,13145.38785,FTX,2020-11-17 22:06:11
5,17552.5,85.2441,85.2441,1496247.06525,1496247.06525,FTXUS,2020-11-17 22:06:11
6,17552.5,0.0296,0.7787,519.554,13664.94185,FTX,2020-11-17 22:06:11
7,17553.0,0.4447,1.2234,7805.8191,21470.76095,FTX,2020-11-17 22:06:11
8,17553.5,0.8895,2.1129,15613.83825,37084.5992,FTX,2020-11-17 22:06:11
9,17554.5,0.0888,2.2017,1558.8396,38643.4388,FTX,2020-11-17 22:06:11
10,17555.5,0.833,3.0347,14623.7315,53267.1703,FTX,2020-11-17 22:06:11
11,17557.5,0.3256,3.3603,5716.722,58983.8923,FTX,2020-11-17 22:06:11
12,17558.5,0.6286,85.8727,11037.2731,1507284.33835,FTXUS,2020-11-17 22:06:11
13,17559.5,0.0999,3.4602,1754.19405,60738.08635,FTX,2020-11-17 22:06:11
14,17560.0,0.01,3.4702,175.6,60913.68635,FTX,2020-11-17 22:06:11
15,17561.0,0.0002,3.4704,3.5122,60917.19855,FTX,2020-11-17 22:06:11
16,17561.5,0.1698,3.6402,2981.9427,63899.14125,FTX,2020-11-17 22:06:11
17,17565.0,0.8542,4.4944,15004.023,78903.16425,FTX,2020-11-17 22:06:11
18,17566.0,121.0846,206.9573,2126972.0836,3634256.42195,FTXUS,2020-11-17 22:06:11
19,17567.5,11.705,16.1994,205627.5875,284530.75175,FTX,2020-11-17 22:06:11
0,17546.5,0.0593,0.0593,1040.50745,1040.50745,FTX,2020-11-17 22:06:11
1,17547.0,0.1185,0.1778,2079.3195,3119.82695,FTX,2020-11-17 22:06:11
2,17548.0,0.4273,0.6051,7498.2604,10618.08735,FTX,2020-11-17 22:06:11
3,17550.5,0.125,0.7301,2193.8125,12811.89985,FTX,2020-11-17 22:06:11
4,17552.0,0.019,0.7491,333.488,13145.38785,FTX,2020-11-17 22:06:11
5,17552.5,0.0296,0.7787,519.554,13664.94185,FTX,2020-11-17 22:06:11
6,17553.0,0.4447,1.2234,7805.8191,21470.76095,FTX,2020-11-17 22:06:11
7,17553.5,0.8895,2.1129,15613.83825,37084.5992,FTX,2020-11-17 22:06:11
8,17554.5,0.0888,2.2017,1558.8396,38643.4388,FTX,2020-11-17 22:06:11
9,17555.5,0.833,3.0347,14623.7315,53267.1703,FTX,2020-11-17 22:06:11
10,17557.5,0.3256,3.3603,5716.722,58983.8923,FTX,2020-11-17 22:06:11
11,17559.5,0.0999,3.4602,1754.19405,60738.08635,FTX,2020-11-17 22:06:11
12,17560.0,0.01,3.4702,175.6,60913.68635,FTX,2020-11-17 22:06:11
13,17560.5,65.2394,65.2394,1145636.4837,1145636.4837,FTXUS,2020-11-17 22:06:11
14,17561.0,0.0002,3.4704,3.5122,60917.19855,FTX,2020-11-17 22:06:11
15,17561.5,0.1698,3.6402,2981.9427,63899.14125,FTX,2020-11-17 22:06:11
16,17563.0,0.7537,65.9931,13237.2331,1158873.7168,FTXUS,2020-11-17 22:06:11
17,17565.0,0.8542,4.4944,15004.023,78903.16425,FTX,2020-11-17 22:06:11
18,17566.0,121.0846,187.0777,2126972.0836,3285845.8004,FTXUS,2020-11-17 22:06:11
19,17567.5,11.705,16.1994,205627.5875,284530.75175,FTX,2020-11-17 22:06:11
0,17550.5,0.1424,0.1424,2499.1912,2499.1912,FTX,2020-11-17 22:06:16
1,17554.0,0.019,0.1614,333.526,2832.7172,FTX,2020-11-17 22:06:16
2,17554.5,0.5136,0.675,9015.9912,11848.7084,FTX,2020-11-17 22:06:16
3,17555.5,0.125,0.8,2194.4375,14043.1459,FTX,2020-11-17 22:06:16
4,17557.0,0.0888,0.8888,1559.0616,15602.2075,FTX,2020-11-17 22:06:16
5,17558.5,0.4547,1.3435,7983.84995,23586.05745,FTX,2020-11-17 22:06:16
6,17559.0,0.8895,2.233,15618.7305,39204.78795,FTX,2020-11-17 22:06:16
7,17559.5,1.0696,3.3026,18781.6412,57986.42915,FTX,2020-11-17 22:06:16
8,17560.0,13.1798,16.4824,231437.288,289423.71715,FTX,2020-11-17 22:06:16
9,17560.5,65.2394,65.2394,1145636.4837,1145636.4837,FTXUS,2020-11-17 22:06:16
10,17561.0,0.0002,16.4826,3.5122,289427.22935,FTX,2020-11-17 22:06:16
11,17563.0,0.01,16.4926,175.63,289602.85935,FTX,2020-11-17 22:06:16
12,17565.5,0.1239,16.6165,2176.36545,291779.2248,FTX,2020-11-17 22:06:16
13,17566.0,121.0846,186.324,2126972.0836,3272608.5673,FTXUS,2020-11-17 22:06:16
14,17567.5,0.7588,187.0828,13330.219,3285938.7863,FTXUS,2020-11-17 22:06:16
15,17567.5,11.705,28.3215,205627.5875,497406.8123,FTX,2020-11-17 22:06:16
16,17574.5,0.8539,29.1754,15006.86555,512413.67785,FTX,2020-11-17 22:06:16
17,17582.5,90.6689,277.7517,1594185.93425,4880124.72055,FTXUS,2020-11-17 22:06:16
18,17583.0,0.0002,29.1756,3.5166,512417.19445,FTX,2020-11-17 22:06:16
19,17589.0,0.0003,29.1759,5.2767,512422.47115,FTX,2020-11-17 22:06:16
0,17550.5,0.1424,0.1424,2499.1912,2499.1912,FTX,2020-11-17 22:06:16
1,17554.0,0.019,0.1614,333.526,2832.7172,FTX,2020-11-17 22:06:16
2,17554.5,0.5136,0.675,9015.9912,11848.7084,FTX,2020-11-17 22:06:16
3,17555.5,0.125,0.8,2194.4375,14043.1459,FTX,2020-11-17 22:06:16
4,17557.0,0.0888,0.8888,1559.0616,15602.2075,FTX,2020-11-17 22:06:16
5,17557.0,16.4851,16.4851,289428.9007,289428.9007,FTXUS,2020-11-17 22:06:16
6,17558.5,0.4547,1.3435,7983.84995,23586.05745,FTX,2020-11-17 22:06:16
7,17559.0,0.8895,2.233,15618.7305,39204.78795,FTX,2020-11-17 22:06:16
8,17559.5,1.0696,3.3026,18781.6412,57986.42915,FTX,2020-11-17 22:06:16
9,17560.0,13.1798,16.4824,231437.288,289423.71715,FTX,2020-11-17 22:06:16
10,17560.5,65.2394,81.7245,1145636.4837,1435065.3844,FTXUS,2020-11-17 22:06:16
11,17561.0,0.0002,16.4826,3.5122,289427.22935,FTX,2020-11-17 22:06:16
12,17562.0,59.6275,141.352,1047178.155,2482243.5394,FTXUS,2020-11-17 22:06:16
13,17563.0,0.01,16.4926,175.63,289602.85935,FTX,2020-11-17 22:06:16
14,17563.0,1.0927,142.4447,19191.0901,2501434.6295,FTXUS,2020-11-17 22:06:16
15,17565.5,0.1239,16.6165,2176.36545,291779.2248,FTX,2020-11-17 22:06:16
16,17566.0,121.0846,263.5293,2126972.0836,4628406.7131,FTXUS,2020-11-17 22:06:16
17,17567.5,11.705,28.3215,205627.5875,497406.8123,FTX,2020-11-17 22:06:16
18,17574.5,0.8539,29.1754,15006.86555,512413.67785,FTX,2020-11-17 22:06:16
19,17582.5,90.6689,354.1982,1594185.93425,6222592.64735,FTXUS,2020-11-17 22:06:16
0,17544.0,0.01,0.01,175.44,175.44,FTX,2020-11-17 22:06:21
1,17546.0,0.0999,0.1099,1752.8454,1928.2854,FTX,2020-11-17 22:06:21
2,17546.5,0.1524,0.2623,2674.0866,4602.372,FTX,2020-11-17 22:06:21
3,17548.5,0.0888,0.3511,1558.3068,6160.6788,FTX,2020-11-17 22:06:21
4,17550.0,1.3745,1.7256,24122.475,30283.1538,FTX,2020-11-17 22:06:21
5,17550.5,0.1183,1.8439,2076.22415,32359.37795,FTX,2020-11-17 22:06:21
6,17551.0,0.3254,2.1693,5711.0954,38070.47335,FTX,2020-11-17 22:06:21
7,17551.0,12.5948,12.5948,221051.3348,221051.3348,FTXUS,2020-11-17 22:06:21
8,17551.5,0.0887,2.258,1556.81805,39627.2914,FTX,2020-11-17 22:06:21
9,17552.5,0.1185,2.3765,2079.97125,41707.26265,FTX,2020-11-17 22:06:21
10,17554.0,0.4254,2.8019,7467.4716,49174.73425,FTX,2020-11-17 22:06:21
11,17554.5,0.4271,3.229,7497.52695,56672.2612,FTX,2020-11-17 22:06:21
12,17554.5,13.6206,26.2154,239102.8227,460154.1575,FTXUS,2020-11-17 22:06:21
13,17555.5,0.125,3.354,2194.4375,58866.6987,FTX,2020-11-17 22:06:21
14,17556.5,0.1073,3.4613,1883.81245,60750.51115,FTX,2020-11-17 22:06:21
15,17558.0,0.8895,4.3508,15617.841,76368.35215,FTX,2020-11-17 22:06:21
16,17558.5,0.8396,27.055,14742.1166,474896.2741,FTXUS,2020-11-17 22:06:21
17,17559.5,0.744,5.0948,13064.268,89432.62015,FTX,2020-11-17 22:06:21
18,17560.0,13.1798,18.2746,231437.288,320869.90815,FTX,2020-11-17 22:06:21
19,17560.5,65.2394,92.2944,1145636.4837,1620532.7578,FTXUS,2020-11-17 22:06:21
0,17548.0,0.01,0.01,175.48,175.48,FTX,2020-11-17 22:06:30
1,17549.0,0.4271,0.4371,7495.1779,7670.6579,FTX,2020-11-17 22:06:30
2,17550.0,0.01,0.4471,175.5,7846.1579,FTX,2020-11-17 22:06:30
3,17550.5,0.1591,0.6062,2792.28455,10638.44245,FTX,2020-11-17 22:06:30
4,17551.5,0.019,0.6252,333.4785,10971.92095,FTX,2020-11-17 22:06:30
5,17552.0,0.0593,0.6845,1040.8336,12012.75455,FTX,2020-11-17 22:06:30
6,17553.5,0.0296,0.7141,519.5836,12532.33815,FTX,2020-11-17 22:06:30
7,17554.0,0.4735,1.1876,8311.819,20844.15715,FTX,2020-11-17 22:06:30
8,17554.5,0.4447,1.6323,7806.48615,28650.6433,FTX,2020-11-17 22:06:30
9,17555.5,0.125,1.7573,2194.4375,30845.0808,FTX,2020-11-17 22:06:30
10,17556.0,0.6662,2.4235,11695.8072,42540.888,FTX,2020-11-17 22:06:30
11,17557.0,0.8895,3.313,15616.9515,58157.8395,FTX,2020-11-17 22:06:30
12,17559.0,9.1367,12.4497,160431.3153,218589.1548,FTX,2020-11-17 22:06:30
13,17559.5,1.5983,14.048,28065.34885,246654.50365,FTX,2020-11-17 22:06:30
14,17560.5,65.2394,65.2394,1145636.4837,1145636.4837,FTXUS,2020-11-17 22:06:30
15,17561.0,0.0002,14.0482,3.5122,246658.01585,FTX,2020-11-17 22:06:30
16,17563.0,50.7791,116.0185,891833.3333,2037469.817,FTXUS,2020-11-17 22:06:30
17,17566.0,121.0846,237.1031,2126972.0836,4164441.9006,FTXUS,2020-11-17 22:06:30
18,17567.5,11.705,25.7532,205627.5875,452285.60335,FTX,2020-11-17 22:06:30
19,17582.5,90.6689,327.772,1594185.93425,5758627.83485,FTXUS,2020-11-17 22:06:30
0,17548.0,0.01,0.01,175.48,175.48,FTX,2020-11-17 22:06:31
1,17549.0,0.4271,0.4371,7495.1779,7670.6579,FTX,2020-11-17 22:06:31
2,17550.0,0.01,0.4471,175.5,7846.1579,FTX,2020-11-17 22:06:31
3,17550.5,0.1591,0.6062,2792.28455,10638.44245,FTX,2020-11-17 22:06:31
4,17551.5,0.019,0.6252,333.4785,10971.92095,FTX,2020-11-17 22:06:31
5,17552.0,0.0593,0.6845,1040.8336,12012.75455,FTX,2020-11-17 22:06:31
6,17553.5,0.0296,0.7141,519.5836,12532.33815,FTX,2020-11-17 22:06:31
7,17554.0,0.4735,1.1876,8311.819,20844.15715,FTX,2020-11-17 22:06:31
8,17554.5,0.4447,1.6323,7806.48615,28650.6433,FTX,2020-11-17 22:06:31
9,17555.0,14.1739,14.1739,248822.8145,248822.8145,FTXUS,2020-11-17 22:06:31
10,17555.5,0.125,1.7573,2194.4375,30845.0808,FTX,2020-11-17 22:06:31
11,17556.0,0.6662,2.4235,11695.8072,42540.888,FTX,2020-11-17 22:06:31
12,17557.0,0.8895,3.313,15616.9515,58157.8395,FTX,2020-11-17 22:06:31
13,17559.0,9.1367,12.4497,160431.3153,218589.1548,FTX,2020-11-17 22:06:31
14,17559.5,1.5983,14.048,28065.34885,246654.50365,FTX,2020-11-17 22:06:31
15,17560.5,65.2394,79.4133,1145636.4837,1394459.2982,FTXUS,2020-11-17 22:06:31
16,17561.0,0.0002,14.0482,3.5122,246658.01585,FTX,2020-11-17 22:06:31
17,17563.0,50.7791,130.1924,891833.3333,2286292.6315,FTXUS,2020-11-17 22:06:31
18,17566.0,121.0846,251.277,2126972.0836,4413264.7151,FTXUS,2020-11-17 22:06:31
19,17567.5,11.705,25.7532,205627.5875,452285.60335,FTX,2020-11-17 22:06:31
0,17550.0,0.1424,0.1424,2499.12,2499.12,FTX,2020-11-17 22:06:35
1,17550.5,0.01,0.1524,175.505,2674.625,FTX,2020-11-17 22:06:35
2,17551.0,0.01,0.1624,175.51,2850.135,FTX,2020-11-17 22:06:35
3,17552.0,0.4863,0.6487,8535.5376,11385.6726,FTX,2020-11-17 22:06:35
4,17553.0,0.0592,0.7079,1039.1376,12424.8102,FTX,2020-11-17 22:06:35
5,17553.5,0.1,0.8079,1755.35,14180.1602,FTX,2020-11-17 22:06:35
6,17554.0,0.1184,0.9263,2078.3936,16258.5538,FTX,2020-11-17 22:06:35
7,17555.0,14.1739,14.1739,248822.8145,248822.8145,FTXUS,2020-11-17 22:06:35
8,17555.0,0.1185,1.0448,2080.2675,18338.8213,FTX,2020-11-17 22:06:35
9,17555.5,0.1546,1.1994,2714.0803,21052.9016,FTX,2020-11-17 22:06:35
10,17556.0,0.2221,1.4215,3899.1876,24952.0892,FTX,2020-11-17 22:06:35
11,17556.5,0.7999,2.2214,14043.44435,38995.53355,FTX,2020-11-17 22:06:35
12,17557.0,0.8895,3.1109,15616.9515,54612.48505,FTX,2020-11-17 22:06:35
13,17558.5,0.3255,3.4364,5715.29175,60327.7768,FTX,2020-11-17 22:06:35
14,17559.0,1.0879,15.2618,19102.4361,267925.2506,FTXUS,2020-11-17 22:06:35
15,17559.0,9.1367,12.5731,160431.3153,220759.0921,FTX,2020-11-17 22:06:35
16,17559.5,0.8543,13.4274,15001.08085,235760.17295,FTX,2020-11-17 22:06:35
17,17560.5,65.2394,80.5012,1145636.4837,1413561.7343,FTXUS,2020-11-17 22:06:35
18,17561.0,0.0002,13.4276,3.5122,235763.68515,FTX,2020-11-17 22:06:35
19,17562.5,0.0878,13.5154,1541.9875,237305.67265,FTX,2020-11-17 22:06:35
0,17550.0,0.1424,0.1424,2499.12,2499.12,FTX,2020-11-17 22:06:36
1,17550.5,0.01,0.1524,175.505,2674.625,FTX,2020-11-17 22:06:36
2,17551.0,0.01,0.1624,175.51,2850.135,FTX,2020-11-17 22:06:36
3,17552.0,0.4863,0.6487,8535.5376,11385.6726,FTX,2020-11-17 22:06:36
4,17553.0,0.0592,0.7079,1039.1376,12424.8102,FTX,2020-11-17 22:06:36
5,17553.5,0.1,0.8079,1755.35,14180.1602,FTX,2020-11-17 22:06:36
6,17554.0,0.1184,0.9263,2078.3936,16258.5538,FTX,2020-11-17 22:06:36
7,17555.0,0.1185,1.0448,2080.2675,18338.8213,FTX,2020-11-17 22:06:36
8,17555.5,0.1546,1.1994,2714.0803,21052.9016,FTX,2020-11-17 22:06:36
9,17556.0,0.2221,1.4215,3899.1876,24952.0892,FTX,2020-11-17 22:06:36
10,17556.5,0.7999,2.2214,14043.44435,38995.53355,FTX,2020-11-17 22:06:36
11,17557.0,0.8895,3.1109,15616.9515,54612.48505,FTX,2020-11-17 22:06:36
12,17558.5,0.3255,3.4364,5715.29175,60327.7768,FTX,2020-11-17 22:06:36
13,17559.0,9.1367,12.5731,160431.3153,220759.0921,FTX,2020-11-17 22:06:36
14,17559.5,0.8543,13.4274,15001.08085,235760.17295,FTX,2020-11-17 22:06:36
15,17560.5,65.2394,65.2394,1145636.4837,1145636.4837,FTXUS,2020-11-17 22:06:36
16,17561.0,0.0002,13.4276,3.5122,235763.68515,FTX,2020-11-17 22:06:36
17,17562.5,0.0878,13.5154,1541.9875,237305.67265,FTX,2020-11-17 22:06:36
18,17563.0,50.7791,116.0185,891833.3333,2037469.817,FTXUS,2020-11-17 22:06:36
19,17563.5,0.613,116.6315,10766.4255,2048236.2425,FTXUS,2020-11-17 22:06:36
0,17554.5,0.1423,0.1423,2498.00535,2498.00535,FTX,2020-11-17 22:06:40
1,17555.0,0.4369,0.5792,7669.7795,10167.78485,FTX,2020-11-17 22:06:40
2,17557.0,0.0592,0.6384,1039.3744,11207.15925,FTX,2020-11-17 22:06:40
3,17558.0,0.0592,0.6976,1039.4336,12246.59285,FTX,2020-11-17 22:06:40
4,17559.0,0.1184,0.816,2078.9856,14325.57845,FTX,2020-11-17 22:06:40
5,17559.5,0.2625,1.0785,4609.36875,18934.9472,FTX,2020-11-17 22:06:40
6,17559.5,14.3266,14.3266,251567.9327,251567.9327,FTXUS,2020-11-17 22:06:40
7,17560.0,0.2664,1.3449,4677.984,23612.9312,FTX,2020-11-17 22:06:40
8,17560.5,0.2246,1.5695,3944.0883,27557.0195,FTX,2020-11-17 22:06:40
9,17561.0,0.9193,2.4888,16143.8273,43700.8468,FTX,2020-11-17 22:06:40
10,17561.5,0.0888,2.5776,1559.4612,45260.308,FTX,2020-11-17 22:06:40
11,17562.5,9.7533,12.3309,171292.33125,216552.63925,FTX,2020-11-17 22:06:40
12,17563.0,0.1,12.4309,1756.3,218308.93925,FTX,2020-11-17 22:06:40
13,17563.0,50.7791,65.1057,891833.3333,1143401.266,FTXUS,2020-11-17 22:06:40
14,17563.5,0.4447,12.8756,7810.48845,226119.4277,FTX,2020-11-17 22:06:40
15,17564.0,0.3255,13.2011,5717.082,231836.5097,FTX,2020-11-17 22:06:40
16,17565.0,0.8538,14.0549,14996.997,246833.5067,FTX,2020-11-17 22:06:40
17,17566.0,121.0846,186.1903,2126972.0836,3270373.3496,FTXUS,2020-11-17 22:06:40
18,17567.0,0.763,14.8179,13403.621,260237.1277,FTX,2020-11-17 22:06:40
19,17567.5,11.705,26.5229,205627.5875,465864.7152,FTX,2020-11-17 22:06:40
0,17557.0,0.1523,0.1523,2673.9311,2673.9311,FTX,2020-11-17 22:06:41
1,17558.5,0.0692,0.2215,1215.0482,3888.9793,FTX,2020-11-17 22:06:41
2,17559.0,0.1,0.3215,1755.9,5644.8793,FTX,2020-11-17 22:06:41
3,17559.5,14.3266,14.3266,251567.9327,251567.9327,FTXUS,2020-11-17 22:06:41
4,17559.5,0.6278,0.9493,11023.8541,16668.7334,FTX,2020-11-17 22:06:41
5,17560.0,0.0592,1.0085,1039.552,17708.2854,FTX,2020-11-17 22:06:41
6,17560.5,0.2246,1.2331,3944.0883,21652.3737,FTX,2020-11-17 22:06:41
7,17561.0,0.0298,1.2629,523.3178,22175.6915,FTX,2020-11-17 22:06:41
8,17562.0,0.1185,1.3814,2081.097,24256.7885,FTX,2020-11-17 22:06:41
9,17562.5,9.8717,11.2531,173371.73125,197628.51975,FTX,2020-11-17 22:06:41
10,17563.0,50.7791,65.1057,891833.3333,1143401.266,FTXUS,2020-11-17 22:06:41
11,17563.5,1.423,12.6761,24992.8605,222621.38025,FTX,2020-11-17 22:06:41
12,17565.0,0.2664,12.9425,4679.316,227300.69625,FTX,2020-11-17 22:06:41
13,17566.0,121.0846,186.1903,2126972.0836,3270373.3496,FTXUS,2020-11-17 22:06:41
14,17566.5,0.3255,13.268,5717.89575,233018.592,FTX,2020-11-17 22:06:41
15,17567.0,0.763,14.031,13403.621,246422.213,FTX,2020-11-17 22:06:41
16,17567.5,11.705,25.736,205627.5875,452049.8005,FTX,2020-11-17 22:06:41
17,17568.0,0.1661,25.9021,2918.0448,454967.8453,FTX,2020-11-17 22:06:41
18,17570.0,1.0236,187.2139,17984.652,3288358.0016,FTXUS,2020-11-17 22:06:41
19,17570.5,0.8536,26.7557,14998.1788,469966.0241,FTX,2020-11-17 22:06:41
0,17553.0,0.1,0.1,1755.3,1755.3,FTX,2020-11-17 22:06:45
1,17553.5,0.1423,0.2423,2497.86305,4253.16305,FTX,2020-11-17 22:06:45
2,17555.0,0.01,0.2523,175.55,4428.71305,FTX,2020-11-17 22:06:45
3,17555.5,0.01,0.2623,175.555,4604.26805,FTX,2020-11-17 22:06:45
4,17556.0,0.4269,0.6892,7494.6564,12098.92445,FTX,2020-11-17 22:06:45
5,17558.0,0.0592,0.7484,1039.4336,13138.35805,FTX,2020-11-17 22:06:45
6,17558.5,0.0592,0.8076,1039.4632,14177.82125,FTX,2020-11-17 22:06:45
7,17559.0,12.8912,12.8912,226356.5808,226356.5808,FTXUS,2020-11-17 22:06:45
8,17559.0,0.756,1.5636,13274.604,27452.42525,FTX,2020-11-17 22:06:45
9,17559.5,0.144,1.7076,2528.568,29980.99325,FTX,2020-11-17 22:06:45
10,17560.0,0.4447,2.1523,7808.932,37789.92525,FTX,2020-11-17 22:06:45
11,17560.5,0.3133,2.4656,5501.70465,43291.6299,FTX,2020-11-17 22:06:45
12,17561.0,0.0298,2.4954,523.3178,43814.9477,FTX,2020-11-17 22:06:45
13,17562.0,0.1185,2.6139,2081.097,45896.0447,FTX,2020-11-17 22:06:45
14,17562.5,0.4438,3.0577,7794.2375,53690.2822,FTX,2020-11-17 22:06:45
15,17563.0,50.7791,63.6703,891833.3333,1118189.9141,FTXUS,2020-11-17 22:06:45
16,17563.5,1.0082,4.0659,17707.5207,71397.8029,FTX,2020-11-17 22:06:45
17,17564.5,13.4643,17.5302,236493.69735,307891.50025,FTX,2020-11-17 22:06:45
18,17565.0,0.5822,64.2525,10226.343,1128416.2571,FTXUS,2020-11-17 22:06:45
19,17565.0,0.2664,17.7966,4679.316,312570.81625,FTX,2020-11-17 22:06:45
0,17553.0,0.1,0.1,1755.3,1755.3,FTX,2020-11-17 22:06:46
1,17553.5,0.1423,0.2423,2497.86305,4253.16305,FTX,2020-11-17 22:06:46
2,17555.0,0.01,0.2523,175.55,4428.71305,FTX,2020-11-17 22:06:46
3,17555.5,0.01,0.2623,175.555,4604.26805,FTX,2020-11-17 22:06:46
4,17556.0,0.4269,0.6892,7494.6564,12098.92445,FTX,2020-11-17 22:06:46
5,17558.0,0.0592,0.7484,1039.4336,13138.35805,FTX,2020-11-17 22:06:46
6,17558.5,0.0592,0.8076,1039.4632,14177.82125,FTX,2020-11-17 22:06:46
7,17559.0,0.756,1.5636,13274.604,27452.42525,FTX,2020-11-17 22:06:46
8,17559.0,12.8912,12.8912,226356.5808,226356.5808,FTXUS,2020-11-17 22:06:46
9,17559.5,0.144,1.7076,2528.568,29980.99325,FTX,2020-11-17 22:06:46
10,17560.0,0.4447,2.1523,7808.932,37789.92525,FTX,2020-11-17 22:06:46
11,17560.5,0.3133,2.4656,5501.70465,43291.6299,FTX,2020-11-17 22:06:46
12,17561.0,0.0298,2.4954,523.3178,43814.9477,FTX,2020-11-17 22:06:46
13,17562.0,0.1185,2.6139,2081.097,45896.0447,FTX,2020-11-17 22:06:46
14,17562.5,0.4438,3.0577,7794.2375,53690.2822,FTX,2020-11-17 22:06:46
15,17563.0,50.7791,63.6703,891833.3333,1118189.9141,FTXUS,2020-11-17 22:06:46
16,17563.5,1.0082,4.0659,17707.5207,71397.8029,FTX,2020-11-17 22:06:46
17,17564.5,13.4643,17.5302,236493.69735,307891.50025,FTX,2020-11-17 22:06:46
18,17565.0,0.2664,17.7966,4679.316,312570.81625,FTX,2020-11-17 22:06:46
19,17565.0,0.5822,64.2525,10226.343,1128416.2571,FTXUS,2020-11-17 22:06:46
0,17551.0,0.02,0.02,351.02,351.02,FTX,2020-11-17 22:06:46
1,17553.0,0.1,0.12,1755.3,2106.32,FTX,2020-11-17 22:06:46
2,17553.5,0.0592,0.1792,1039.1672,3145.4872,FTX,2020-11-17 22:06:46
3,17556.0,0.4861,0.6653,8533.9716,11679.4588,FTX,2020-11-17 22:06:46
4,17557.5,0.1183,0.7836,2077.05225,13756.51105,FTX,2020-11-17 22:06:46
5,17558.0,0.0888,0.8724,1559.1504,15315.66145,FTX,2020-11-17 22:06:46
6,17558.5,0.0296,0.902,519.7316,15835.39305,FTX,2020-11-17 22:06:46
7,17559.0,12.8912,12.8912,226356.5808,226356.5808,FTXUS,2020-11-17 22:06:46
8,17559.0,1.0223,1.9243,17950.5657,33785.95875,FTX,2020-11-17 22:06:46
9,17559.5,0.283,2.2073,4969.3385,38755.29725,FTX,2020-11-17 22:06:46
10,17560.0,0.4447,2.652,7808.932,46564.22925,FTX,2020-11-17 22:06:46
11,17560.5,0.2246,2.8766,3944.0883,50508.31755,FTX,2020-11-17 22:06:46
12,17561.0,0.0002,2.8768,3.5122,50511.82975,FTX,2020-11-17 22:06:46
13,17562.5,0.3254,3.2022,5714.8375,56226.66725,FTX,2020-11-17 22:06:46
14,17563.0,50.7791,63.6703,891833.3333,1118189.9141,FTXUS,2020-11-17 22:06:46
15,17564.5,13.4643,16.6665,236493.69735,292720.3646,FTX,2020-11-17 22:06:46
16,17565.0,0.5822,64.2525,10226.343,1128416.2571,FTXUS,2020-11-17 22:06:46
17,17565.5,0.8539,17.5204,14999.18045,307719.54505,FTX,2020-11-17 22:06:46
18,17566.0,121.0846,185.3371,2126972.0836,3255388.3407,FTXUS,2020-11-17 22:06:46
19,17567.0,0.763,18.2834,13403.621,321123.16605,FTX,2020-11-17 22:06:46
0,17549.0,0.1424,0.1424,2498.9776,2498.9776,FTX,2020-11-17 22:06:50
1,17551.0,0.1,0.2424,1755.1,4254.0776,FTX,2020-11-17 22:06:50
2,17552.5,0.427,0.6694,7494.9175,11748.9951,FTX,2020-11-17 22:06:50
3,17553.0,0.0296,0.699,519.5688,12268.5639,FTX,2020-11-17 22:06:50
4,17553.5,0.0592,0.7582,1039.1672,13307.7311,FTX,2020-11-17 22:06:50
5,17554.0,0.019,0.7772,333.526,13641.2571,FTX,2020-11-17 22:06:50
6,17554.5,0.1185,0.8957,2080.20825,15721.46535,FTX,2020-11-17 22:06:50
7,17556.0,0.5039,1.3996,8846.4684,24567.93375,FTX,2020-11-17 22:06:50
8,17556.5,18.2248,18.2248,319963.7012,319963.7012,FTXUS,2020-11-17 22:06:50
9,17557.5,0.1183,1.5179,2077.05225,26644.986,FTX,2020-11-17 22:06:50
10,17558.0,0.1888,1.7067,3314.9504,29959.9364,FTX,2020-11-17 22:06:50
11,17559.0,1.4673,3.174,25764.3207,55724.2571,FTX,2020-11-17 22:06:50
12,17559.5,0.125,3.299,2194.9375,57919.1946,FTX,2020-11-17 22:06:50
13,17560.5,1.1141,4.4131,19564.15305,77483.34765,FTX,2020-11-17 22:06:50
14,17561.0,11.3414,15.7545,199166.3254,276649.67305,FTX,2020-11-17 22:06:50
15,17561.5,0.9065,19.1313,15919.49975,335883.20095,FTXUS,2020-11-17 22:06:50
16,17563.0,50.7791,69.9104,891833.3333,1227716.53425,FTXUS,2020-11-17 22:06:50
17,17564.5,13.4643,29.2188,236493.69735,513143.3704,FTX,2020-11-17 22:06:50
18,17565.5,0.8539,30.0727,14999.18045,528142.55085,FTX,2020-11-17 22:06:50
19,17566.0,121.0846,190.995,2126972.0836,3354688.61785,FTXUS,2020-11-17 22:06:50
0,17551.5,0.0592,0.0592,1039.0488,1039.0488,FTX,2020-11-17 22:06:50
1,17552.0,0.0592,0.1184,1039.0784,2078.1272,FTX,2020-11-17 22:06:50
2,17552.5,0.427,0.5454,7494.9175,9573.0447,FTX,2020-11-17 22:06:50
3,17553.0,0.0296,0.575,519.5688,10092.6135,FTX,2020-11-17 22:06:50
4,17554.5,0.1185,0.6935,2080.20825,12172.82175,FTX,2020-11-17 22:06:50
5,17555.5,0.1888,0.8823,3314.4784,15487.30015,FTX,2020-11-17 22:06:50
6,17556.5,18.2248,18.2248,319963.7012,319963.7012,FTXUS,2020-11-17 22:06:50
7,17557.5,0.1183,1.0006,2077.05225,17564.3524,FTX,2020-11-17 22:06:50
8,17558.0,0.5447,1.5453,9563.8426,27128.195,FTX,2020-11-17 22:06:50
9,17559.0,1.4673,3.0126,25764.3207,52892.5157,FTX,2020-11-17 22:06:50
10,17559.5,0.125,3.1376,2194.9375,55087.4532,FTX,2020-11-17 22:06:50
11,17560.5,0.2246,3.3622,3944.0883,59031.5415,FTX,2020-11-17 22:06:50
12,17561.0,11.3414,14.7036,199166.3254,258197.8669,FTX,2020-11-17 22:06:50
13,17561.5,0.9065,19.1313,15919.49975,335883.20095,FTXUS,2020-11-17 22:06:50
14,17563.0,50.7791,69.9104,891833.3333,1227716.53425,FTXUS,2020-11-17 22:06:50
15,17565.5,0.8539,15.5575,14999.18045,273197.04735,FTX,2020-11-17 22:06:50
16,17566.0,121.0846,190.995,2126972.0836,3354688.61785,FTXUS,2020-11-17 22:06:50
17,17567.0,0.763,16.3205,13403.621,286600.66835,FTX,2020-11-17 22:06:50
18,17567.5,11.705,28.0255,205627.5875,492228.25585,FTX,2020-11-17 22:06:50
19,17569.5,87.5566,278.5516,1538325.6837,4893014.30155,FTXUS,2020-11-17 22:06:50
0,17553.0,0.1423,0.1423,2497.7919,2497.7919,FTX,2020-11-17 22:06:55
1,17555.5,0.4269,0.5692,7494.44295,9992.23485,FTX,2020-11-17 22:06:55
2,17556.5,0.0888,0.658,1559.0172,11551.25205,FTX,2020-11-17 22:06:55
3,17557.5,0.2775,0.9355,4872.20625,16423.4583,FTX,2020-11-17 22:06:55
4,17559.0,0.1196,1.0551,2100.0564,18523.5147,FTX,2020-11-17 22:06:55
5,17559.5,0.2138,1.2689,3754.2211,22277.7358,FTX,2020-11-17 22:06:55
6,17560.0,0.4447,1.7136,7808.932,30086.6678,FTX,2020-11-17 22:06:55
7,17560.5,0.4909,2.2045,8620.44945,38707.11725,FTX,2020-11-17 22:06:55
8,17561.0,0.0002,2.2047,3.5122,38710.62945,FTX,2020-11-17 22:06:55
9,17561.5,0.9065,0.9065,15919.49975,15919.49975,FTXUS,2020-11-17 22:06:55
10,17561.5,0.1185,2.3232,2081.03775,40791.6672,FTX,2020-11-17 22:06:55
11,17562.5,0.8895,3.2127,15621.84375,56413.51095,FTX,2020-11-17 22:06:55
12,17563.0,50.7791,51.6856,891833.3333,907752.83305,FTXUS,2020-11-17 22:06:55
13,17563.0,0.3254,3.5381,5715.0002,62128.51115,FTX,2020-11-17 22:06:55
14,17563.5,0.01,3.5481,175.635,62304.14615,FTX,2020-11-17 22:06:55
15,17565.5,0.8539,4.402,14999.18045,77303.3266,FTX,2020-11-17 22:06:55
16,17566.0,121.0846,172.7702,2126972.0836,3034724.91665,FTXUS,2020-11-17 22:06:55
17,17567.0,0.763,5.165,13403.621,90706.9476,FTX,2020-11-17 22:06:55
18,17567.5,11.705,16.87,205627.5875,296334.5351,FTX,2020-11-17 22:06:55
19,17569.5,87.5566,260.3268,1538325.6837,4573050.60035,FTXUS,2020-11-17 22:06:55
0,17550.0,0.1424,0.1424,2499.12,2499.12,FTX,2020-11-17 22:07:01
1,17553.0,0.427,0.5694,7495.131,9994.251,FTX,2020-11-17 22:07:01
2,17553.5,0.019,0.5884,333.5165,10327.7675,FTX,2020-11-17 22:07:01
3,17554.0,0.1,0.6884,1755.4,12083.1675,FTX,2020-11-17 22:07:01
4,17554.5,0.1185,0.8069,2080.20825,14163.37575,FTX,2020-11-17 22:07:01
5,17555.0,0.0592,0.8661,1039.256,15202.63175,FTX,2020-11-17 22:07:01
6,17556.0,0.0296,0.8957,519.6576,15722.28935,FTX,2020-11-17 22:07:01
7,17556.5,13.6538,13.6538,239712.9397,239712.9397,FTXUS,2020-11-17 22:07:01
8,17558.0,0.0888,0.9845,1559.1504,17281.43975,FTX,2020-11-17 22:07:01
9,17558.5,0.797,1.7815,13994.1245,31275.56425,FTX,2020-11-17 22:07:01
10,17559.0,0.5643,2.3458,9908.5437,41184.10795,FTX,2020-11-17 22:07:01
11,17559.5,0.125,2.4708,2194.9375,43379.04545,FTX,2020-11-17 22:07:01
12,17560.0,0.3254,2.7962,5714.024,49093.06945,FTX,2020-11-17 22:07:01
13,17560.5,1.3804,4.1766,24240.5142,73333.58365,FTX,2020-11-17 22:07:01
14,17561.0,0.0102,4.1868,179.1222,73512.70585,FTX,2020-11-17 22:07:01
15,17561.5,0.9065,14.5603,15919.49975,255632.43945,FTXUS,2020-11-17 22:07:01
16,17562.0,11.8245,16.0113,207661.869,281174.57485,FTX,2020-11-17 22:07:01
17,17563.0,50.7791,65.3394,891833.3333,1147465.77275,FTXUS,2020-11-17 22:07:01
18,17563.5,0.0003,16.0116,5.26905,281179.8439,FTX,2020-11-17 22:07:01
19,17565.5,0.8539,16.8655,14999.18045,296179.02435,FTX,2020-11-17 22:07:01
0,17550.0,0.1424,0.1424,2499.12,2499.12,FTX,2020-11-17 22:07:01
1,17553.0,0.427,0.5694,7495.131,9994.251,FTX,2020-11-17 22:07:01
2,17553.5,0.019,0.5884,333.5165,10327.7675,FTX,2020-11-17 22:07:01
3,17554.0,0.1,0.6884,1755.4,12083.1675,FTX,2020-11-17 22:07:01
4,17554.5,0.1185,0.8069,2080.20825,14163.37575,FTX,2020-11-17 22:07:01
5,17555.0,0.0592,0.8661,1039.256,15202.63175,FTX,2020-11-17 22:07:01
6,17556.0,0.0296,0.8957,519.6576,15722.28935,FTX,2020-11-17 22:07:01
7,17556.5,13.6538,13.6538,239712.9397,239712.9397,FTXUS,2020-11-17 22:07:01
8,17558.0,0.0888,0.9845,1559.1504,17281.43975,FTX,2020-11-17 22:07:01
9,17558.5,0.797,1.7815,13994.1245,31275.56425,FTX,2020-11-17 22:07:01
10,17559.0,0.5643,2.3458,9908.5437,41184.10795,FTX,2020-11-17 22:07:01
11,17559.5,0.125,2.4708,2194.9375,43379.04545,FTX,2020-11-17 22:07:01
12,17560.0,0.3254,2.7962,5714.024,49093.06945,FTX,2020-11-17 22:07:01
13,17560.5,1.3804,4.1766,24240.5142,73333.58365,FTX,2020-11-17 22:07:01
14,17561.0,0.0102,4.1868,179.1222,73512.70585,FTX,2020-11-17 22:07:01
15,17561.5,0.9065,14.5603,15919.49975,255632.43945,FTXUS,2020-11-17 22:07:01
16,17562.0,11.8245,16.0113,207661.869,281174.57485,FTX,2020-11-17 22:07:01
17,17563.0,50.7791,65.3394,891833.3333,1147465.77275,FTXUS,2020-11-17 22:07:01
18,17563.5,0.0003,16.0116,5.26905,281179.8439,FTX,2020-11-17 22:07:01
19,17565.5,0.8539,16.8655,14999.18045,296179.02435,FTX,2020-11-17 22:07:01
0,17548.5,0.1424,0.1424,2498.9064,2498.9064,FTX,2020-11-17 22:07:06
1,17550.0,0.01,0.1524,175.5,2674.4064,FTX,2020-11-17 22:07:06
2,17550.5,0.4863,0.6387,8534.80815,11209.21455,FTX,2020-11-17 22:07:06
3,17552.0,0.1,0.7387,1755.2,12964.41455,FTX,2020-11-17 22:07:06
4,17552.5,0.019,0.7577,333.4975,13297.91205,FTX,2020-11-17 22:07:06
5,17553.0,0.0296,0.7873,519.5688,13817.48085,FTX,2020-11-17 22:07:06
6,17553.5,0.0592,0.8465,1039.1672,14856.64805,FTX,2020-11-17 22:07:06
7,17554.0,0.1184,0.9649,2078.3936,16935.04165,FTX,2020-11-17 22:07:06
8,17554.5,0.1185,1.0834,2080.20825,19015.2499,FTX,2020-11-17 22:07:06
9,17555.5,0.711,1.7944,12481.9605,31497.2104,FTX,2020-11-17 22:07:06
10,17556.5,13.6538,13.6538,239712.9397,239712.9397,FTXUS,2020-11-17 22:07:06
11,17557.5,0.1,1.8944,1755.75,33252.9604,FTX,2020-11-17 22:07:06
12,17558.5,1.1225,3.0169,19709.41625,52962.37665,FTX,2020-11-17 22:07:06
13,17559.0,0.1296,3.1465,2275.6464,55238.02305,FTX,2020-11-17 22:07:06
14,17559.5,11.7615,14.908,206526.05925,261764.0823,FTX,2020-11-17 22:07:06
15,17560.5,1.1141,16.0221,19564.15305,281328.23535,FTX,2020-11-17 22:07:06
16,17561.0,0.8542,16.8763,15000.6062,296328.84155,FTX,2020-11-17 22:07:06
17,17561.5,0.9065,14.5603,15919.49975,255632.43945,FTXUS,2020-11-17 22:07:06
18,17563.0,50.7791,65.3394,891833.3333,1147465.77275,FTXUS,2020-11-17 22:07:06
19,17563.5,0.0003,16.8766,5.26905,296334.1106,FTX,2020-11-17 22:07:06
0,17547.0,0.1424,0.1424,2498.6928,2498.6928,FTX,2020-11-17 22:07:11
1,17548.0,0.01,0.1524,175.48,2674.1728,FTX,2020-11-17 22:07:11
2,17550.0,0.1,0.2524,1755.0,4429.1728,FTX,2020-11-17 22:07:11
3,17550.5,0.4863,0.7387,8534.80815,12963.98095,FTX,2020-11-17 22:07:11
4,17551.0,0.019,0.7577,333.469,13297.44995,FTX,2020-11-17 22:07:11
5,17551.5,0.1777,0.9354,3118.90155,16416.3515,FTX,2020-11-17 22:07:11
6,17553.0,0.0296,0.965,519.5688,16935.9203,FTX,2020-11-17 22:07:11
7,17554.0,0.1184,1.0834,2078.3936,19014.3139,FTX,2020-11-17 22:07:11
8,17555.0,0.0888,1.1722,1558.884,20573.1979,FTX,2020-11-17 22:07:11
9,17555.5,0.711,1.8832,12481.9605,33055.1584,FTX,2020-11-17 22:07:11
10,17556.5,13.6538,13.6538,239712.9397,239712.9397,FTXUS,2020-11-17 22:07:11
11,17557.5,0.1,1.9832,1755.75,34810.9084,FTX,2020-11-17 22:07:11
12,17557.5,0.5852,14.239,10274.649,249987.5887,FTXUS,2020-11-17 22:07:11
13,17558.5,1.1225,3.1057,19709.41625,54520.32465,FTX,2020-11-17 22:07:11
14,17559.0,0.1296,3.2353,2275.6464,56795.97105,FTX,2020-11-17 22:07:11
15,17559.5,11.7615,14.9968,206526.05925,263322.0303,FTX,2020-11-17 22:07:11
16,17560.5,0.2246,15.2214,3944.0883,267266.1186,FTX,2020-11-17 22:07:11
17,17561.0,0.8542,16.0756,15000.6062,282266.7248,FTX,2020-11-17 22:07:11
18,17563.0,50.7791,65.0181,891833.3333,1141820.922,FTXUS,2020-11-17 22:07:11
19,17563.5,0.0003,16.0759,5.26905,282271.99385,FTX,2020-11-17 22:07:11
0,17549.5,0.1524,0.1524,2674.5438,2674.5438,FTX,2020-11-17 22:07:16
1,17550.5,0.0592,0.2116,1038.9896,3713.5334,FTX,2020-11-17 22:07:16
2,17551.5,0.2346,0.4462,4117.5819,7831.1153,FTX,2020-11-17 22:07:16
3,17552.0,0.5454,0.9916,9572.8608,17403.9761,FTX,2020-11-17 22:07:16
4,17553.0,0.1184,1.11,2078.2752,19482.2513,FTX,2020-11-17 22:07:16
5,17554.5,0.2663,1.3763,4674.76335,24157.01465,FTX,2020-11-17 22:07:16
6,17556.5,13.6538,13.6538,239712.9397,239712.9397,FTXUS,2020-11-17 22:07:16
7,17557.0,1.1797,2.556,20711.9929,44869.00755,FTX,2020-11-17 22:07:16
8,17557.5,0.1,2.656,1755.75,46624.75755,FTX,2020-11-17 22:07:16
9,17558.5,1.6865,4.3425,29612.41025,76237.1678,FTX,2020-11-17 22:07:16
10,17559.0,0.01,4.3525,175.59,76412.7578,FTX,2020-11-17 22:07:16
11,17559.5,11.7615,16.114,206526.05925,282938.81705,FTX,2020-11-17 22:07:16
12,17560.5,0.2246,16.3386,3944.0883,286882.90535,FTX,2020-11-17 22:07:16
13,17561.0,0.0002,16.3388,3.5122,286886.41755,FTX,2020-11-17 22:07:16
14,17562.0,0.8384,14.4922,14723.9808,254436.9205,FTXUS,2020-11-17 22:07:16
15,17563.0,50.7791,65.2713,891833.3333,1146270.2538,FTXUS,2020-11-17 22:07:16
16,17563.5,0.0908,16.4296,1594.7658,288481.18335,FTX,2020-11-17 22:07:16
17,17566.0,121.0846,186.3559,2126972.0836,3273242.3374,FTXUS,2020-11-17 22:07:16
18,17567.0,0.763,17.1926,13403.621,301884.80435,FTX,2020-11-17 22:07:16
19,17567.5,11.705,28.8976,205627.5875,507512.39185,FTX,2020-11-17 22:07:16
0,17551.0,0.1424,0.1424,2499.2624,2499.2624,FTX,2020-11-17 22:07:20
1,17552.5,0.019,0.1614,333.4975,2832.7599,FTX,2020-11-17 22:07:20
2,17553.0,0.0592,0.2206,1039.1376,3871.8975,FTX,2020-11-17 22:07:20
3,17553.5,0.0592,0.2798,1039.1672,4911.0647,FTX,2020-11-17 22:07:20
4,17554.0,0.427,0.7068,7495.558,12406.6227,FTX,2020-11-17 22:07:20
5,17554.5,0.1,0.8068,1755.45,14162.0727,FTX,2020-11-17 22:07:20
6,17555.0,0.205,1.0118,3598.775,17760.8477,FTX,2020-11-17 22:07:20
7,17555.5,0.1184,1.1302,2078.5712,19839.4189,FTX,2020-11-17 22:07:20
8,17556.0,0.3551,1.4853,6234.1356,26073.5545,FTX,2020-11-17 22:07:20
9,17556.5,16.7368,16.7368,293839.6292,293839.6292,FTXUS,2020-11-17 22:07:20
10,17557.5,0.5447,2.03,9563.57025,35637.12475,FTX,2020-11-17 22:07:20
11,17558.5,0.797,2.827,13994.1245,49631.24925,FTX,2020-11-17 22:07:20
12,17559.0,0.3255,3.1525,5715.4545,55346.70375,FTX,2020-11-17 22:07:20
13,17559.5,11.8653,15.0178,208348.73535,263695.4391,FTX,2020-11-17 22:07:20
14,17560.5,1.1241,16.1419,19739.75805,283435.19715,FTX,2020-11-17 22:07:20
15,17561.0,0.0002,16.1421,3.5122,283438.70935,FTX,2020-11-17 22:07:20
16,17562.0,0.8036,17.5404,14112.8232,307952.4524,FTXUS,2020-11-17 22:07:20
17,17562.0,0.854,16.9961,14997.948,298436.65735,FTX,2020-11-17 22:07:20
18,17563.0,50.7791,68.3195,891833.3333,1199785.7857,FTXUS,2020-11-17 22:07:20
19,17563.5,0.0003,16.9964,5.26905,298441.9264,FTX,2020-11-17 22:07:20
0,17551.0,0.1424,0.1424,2499.2624,2499.2624,FTX,2020-11-17 22:07:31
1,17553.0,0.0592,0.2016,1039.1376,3538.4,FTX,2020-11-17 22:07:31
2,17553.5,0.1374,0.339,2411.8509,5950.2509,FTX,2020-11-17 22:07:31
3,17554.0,0.427,0.766,7495.558,13445.8089,FTX,2020-11-17 22:07:31
4,17555.0,0.1889,0.9549,3316.1395,16761.9484,FTX,2020-11-17 22:07:31
5,17555.5,0.2665,1.2214,4678.54075,21440.48915,FTX,2020-11-17 22:07:31
6,17556.0,0.0888,1.3102,1558.9728,22999.46195,FTX,2020-11-17 22:07:31
7,17557.0,0.1185,1.4287,2080.5045,25079.96645,FTX,2020-11-17 22:07:31
8,17557.5,0.5447,1.9734,9563.57025,34643.5367,FTX,2020-11-17 22:07:31
9,17559.0,0.01,1.9834,175.59,34819.1267,FTX,2020-11-17 22:07:31
10,17559.5,0.125,2.1084,2194.9375,37014.0642,FTX,2020-11-17 22:07:31
11,17560.5,1.1141,3.2225,19564.15305,56578.21725,FTX,2020-11-17 22:07:31
12,17561.0,0.0102,3.2327,179.1222,56757.33945,FTX,2020-11-17 22:07:31
13,17562.0,0.8036,0.8036,14112.8232,14112.8232,FTXUS,2020-11-17 22:07:31
14,17562.0,10.4314,13.6641,183196.2468,239953.58625,FTX,2020-11-17 22:07:31
15,17563.0,50.7791,51.5827,891833.3333,905946.1565,FTXUS,2020-11-17 22:07:31
16,17563.5,0.1413,13.8054,2481.72255,242435.3088,FTX,2020-11-17 22:07:31
17,17566.0,121.0846,172.6673,2126972.0836,3032918.2401,FTXUS,2020-11-17 22:07:31
18,17567.0,0.763,14.5684,13403.621,255838.9298,FTX,2020-11-17 22:07:31
19,17567.5,11.705,26.2734,205627.5875,461466.5173,FTX,2020-11-17 22:07:31
0,17551.0,0.1424,0.1424,2499.2624,2499.2624,FTX,2020-11-17 22:07:31
1,17553.0,0.0592,0.2016,1039.1376,3538.4,FTX,2020-11-17 22:07:31
2,17553.5,0.1374,0.339,2411.8509,5950.2509,FTX,2020-11-17 22:07:31
3,17554.0,0.427,0.766,7495.558,13445.8089,FTX,2020-11-17 22:07:31
4,17555.0,0.1889,0.9549,3316.1395,16761.9484,FTX,2020-11-17 22:07:31
5,17555.5,0.2665,1.2214,4678.54075,21440.48915,FTX,2020-11-17 22:07:31
6,17556.0,0.0888,1.3102,1558.9728,22999.46195,FTX,2020-11-17 22:07:31
7,17557.0,0.1185,1.4287,2080.5045,25079.96645,FTX,2020-11-17 22:07:31
8,17557.0,13.933,13.933,244621.681,244621.681,FTXUS,2020-11-17 22:07:31
9,17557.5,0.5447,1.9734,9563.57025,34643.5367,FTX,2020-11-17 22:07:31
10,17559.0,0.01,1.9834,175.59,34819.1267,FTX,2020-11-17 22:07:31
11,17559.5,0.125,2.1084,2194.9375,37014.0642,FTX,2020-11-17 22:07:31
12,17560.5,1.1141,3.2225,19564.15305,56578.21725,FTX,2020-11-17 22:07:31
13,17561.0,0.0102,3.2327,179.1222,56757.33945,FTX,2020-11-17 22:07:31
14,17562.0,10.4314,13.6641,183196.2468,239953.58625,FTX,2020-11-17 22:07:31
15,17562.0,0.8036,14.7366,14112.8232,258734.5042,FTXUS,2020-11-17 22:07:31
16,17563.0,50.7791,65.5157,891833.3333,1150567.8375,FTXUS,2020-11-17 22:07:31
17,17563.5,0.1413,13.8054,2481.72255,242435.3088,FTX,2020-11-17 22:07:31
18,17566.0,121.0846,186.6003,2126972.0836,3277539.9211,FTXUS,2020-11-17 22:07:31
19,17567.0,0.763,14.5684,13403.621,255838.9298,FTX,2020-11-17 22:07:31
0,17551.0,0.1424,0.1424,2499.2624,2499.2624,FTX,2020-11-17 22:07:35
1,17553.0,0.0592,0.2016,1039.1376,3538.4,FTX,2020-11-17 22:07:35
2,17553.5,0.1184,0.32,2078.3344,5616.7344,FTX,2020-11-17 22:07:35
3,17554.0,0.427,0.747,7495.558,13112.2924,FTX,2020-11-17 22:07:35
4,17554.5,0.019,0.766,333.5355,13445.8279,FTX,2020-11-17 22:07:35
5,17555.0,0.0889,0.8549,1560.6395,15006.4674,FTX,2020-11-17 22:07:35
6,17555.5,0.2665,1.1214,4678.54075,19685.00815,FTX,2020-11-17 22:07:35
7,17556.0,0.0888,1.2102,1558.9728,21243.98095,FTX,2020-11-17 22:07:35
8,17556.5,0.01,1.2202,175.565,21419.54595,FTX,2020-11-17 22:07:35
9,17557.0,0.1185,1.3387,2080.5045,23500.05045,FTX,2020-11-17 22:07:35
10,17557.5,0.4447,1.7834,7807.82025,31307.8707,FTX,2020-11-17 22:07:35
11,17558.0,15.4437,15.4437,271160.4846,271160.4846,FTXUS,2020-11-17 22:07:35
12,17558.5,0.3258,2.1092,5720.5593,37028.43,FTX,2020-11-17 22:07:35
13,17559.5,0.3531,2.4623,6200.25945,43228.68945,FTX,2020-11-17 22:07:35
14,17560.5,1.1141,3.5764,19564.15305,62792.8425,FTX,2020-11-17 22:07:35
15,17561.0,0.0102,3.5866,179.1222,62971.9647,FTX,2020-11-17 22:07:35
16,17562.0,0.8036,16.2473,14112.8232,285273.3078,FTXUS,2020-11-17 22:07:35
17,17562.0,10.4314,14.018,183196.2468,246168.2115,FTX,2020-11-17 22:07:35
18,17563.0,50.7791,67.0264,891833.3333,1177106.6411,FTXUS,2020-11-17 22:07:35
19,17563.5,0.0003,14.0183,5.26905,246173.48055,FTX,2020-11-17 22:07:35
0,17551.0,0.1424,0.1424,2499.2624,2499.2624,FTX,2020-11-17 22:07:36
1,17553.0,0.0592,0.2016,1039.1376,3538.4,FTX,2020-11-17 22:07:36
2,17553.5,0.1184,0.32,2078.3344,5616.7344,FTX,2020-11-17 22:07:36
3,17554.0,0.427,0.747,7495.558,13112.2924,FTX,2020-11-17 22:07:36
4,17554.5,0.019,0.766,333.5355,13445.8279,FTX,2020-11-17 22:07:36
5,17555.0,0.0889,0.8549,1560.6395,15006.4674,FTX,2020-11-17 22:07:36
6,17555.5,0.2665,1.1214,4678.54075,19685.00815,FTX,2020-11-17 22:07:36
7,17556.0,0.0888,1.2102,1558.9728,21243.98095,FTX,2020-11-17 22:07:36
8,17556.5,0.01,1.2202,175.565,21419.54595,FTX,2020-11-17 22:07:36
9,17557.0,0.1185,1.3387,2080.5045,23500.05045,FTX,2020-11-17 22:07:36
10,17557.5,0.4447,1.7834,7807.82025,31307.8707,FTX,2020-11-17 22:07:36
11,17558.5,0.3258,2.1092,5720.5593,37028.43,FTX,2020-11-17 22:07:36
12,17559.5,0.3531,2.4623,6200.25945,43228.68945,FTX,2020-11-17 22:07:36
13,17560.5,1.1141,3.5764,19564.15305,62792.8425,FTX,2020-11-17 22:07:36
14,17561.0,0.0102,3.5866,179.1222,62971.9647,FTX,2020-11-17 22:07:36
15,17562.0,10.4314,14.018,183196.2468,246168.2115,FTX,2020-11-17 22:07:36
16,17562.0,0.8036,0.8036,14112.8232,14112.8232,FTXUS,2020-11-17 22:07:36
17,17563.0,50.7791,51.5827,891833.3333,905946.1565,FTXUS,2020-11-17 22:07:36
18,17563.5,0.0003,14.0183,5.26905,246173.48055,FTX,2020-11-17 22:07:36
19,17566.0,121.0846,172.6673,2126972.0836,3032918.2401,FTXUS,2020-11-17 22:07:36
0,17552.0,0.1424,0.1424,2499.4048,2499.4048,FTX,2020-11-17 22:07:36
1,17553.0,0.0592,0.2016,1039.1376,3538.5424,FTX,2020-11-17 22:07:36
2,17553.5,0.1184,0.32,2078.3344,5616.8768,FTX,2020-11-17 22:07:36
3,17554.0,0.427,0.747,7495.558,13112.4348,FTX,2020-11-17 22:07:36
4,17555.0,0.0889,0.8359,1560.6395,14673.0743,FTX,2020-11-17 22:07:36
5,17555.5,0.2665,1.1024,4678.54075,19351.61505,FTX,2020-11-17 22:07:36
6,17556.5,0.1,1.2024,1755.65,21107.26505,FTX,2020-11-17 22:07:36
7,17557.0,0.1185,1.3209,2080.5045,23187.76955,FTX,2020-11-17 22:07:36
8,17559.0,0.01,1.3309,175.59,23363.35955,FTX,2020-11-17 22:07:36
9,17559.5,0.225,1.5559,3950.8875,27314.24705,FTX,2020-11-17 22:07:36
10,17560.5,1.1141,2.67,19564.15305,46878.4001,FTX,2020-11-17 22:07:36
11,17561.0,0.0102,2.6802,179.1222,47057.5223,FTX,2020-11-17 22:07:36
12,17561.5,0.3258,3.006,5721.5367,52779.059,FTX,2020-11-17 22:07:36
13,17562.0,0.8036,0.8036,14112.8232,14112.8232,FTXUS,2020-11-17 22:07:36
14,17562.0,10.4314,13.4374,183196.2468,235975.3058,FTX,2020-11-17 22:07:36
15,17563.0,50.7791,51.5827,891833.3333,905946.1565,FTXUS,2020-11-17 22:07:36
16,17563.5,0.1035,13.5409,1817.82225,237793.12805,FTX,2020-11-17 22:07:36
17,17566.0,121.0846,172.6673,2126972.0836,3032918.2401,FTXUS,2020-11-17 22:07:36
18,17567.0,0.763,14.3039,13403.621,251196.74905,FTX,2020-11-17 22:07:36
19,17567.5,11.705,26.0089,205627.5875,456824.33655,FTX,2020-11-17 22:07:36
0,17552.0,0.1424,0.1424,2499.4048,2499.4048,FTX,2020-11-17 22:07:40
1,17553.0,0.0592,0.2016,1039.1376,3538.5424,FTX,2020-11-17 22:07:40
2,17554.0,0.427,0.6286,7495.558,11034.1004,FTX,2020-11-17 22:07:40
3,17555.0,0.0486,0.6772,853.173,11887.2734,FTX,2020-11-17 22:07:40
4,17555.5,0.2665,0.9437,4678.54075,16565.81415,FTX,2020-11-17 22:07:40
5,17556.0,0.1778,1.1215,3121.4568,19687.27095,FTX,2020-11-17 22:07:40
6,17556.5,0.1,1.2215,1755.65,21442.92095,FTX,2020-11-17 22:07:40
7,17557.0,0.2074,1.4289,3641.3218,25084.24275,FTX,2020-11-17 22:07:40
8,17558.0,0.4447,1.8736,7808.0426,32892.28535,FTX,2020-11-17 22:07:40
9,17559.0,0.01,1.8836,175.59,33067.87535,FTX,2020-11-17 22:07:40
10,17559.5,0.225,2.1086,3950.8875,37018.76285,FTX,2020-11-17 22:07:40
11,17560.5,0.2246,2.3332,3944.0883,40962.85115,FTX,2020-11-17 22:07:40
12,17561.0,0.0002,2.3334,3.5122,40966.36335,FTX,2020-11-17 22:07:40
13,17561.5,0.3258,2.6592,5721.5367,46687.90005,FTX,2020-11-17 22:07:40
14,17562.0,0.8036,0.8036,14112.8232,14112.8232,FTXUS,2020-11-17 22:07:40
15,17562.0,10.4314,13.0906,183196.2468,229884.14685,FTX,2020-11-17 22:07:40
16,17562.5,0.8995,13.9901,15797.46875,245681.6156,FTX,2020-11-17 22:07:40
17,17563.0,50.7791,51.5827,891833.3333,905946.1565,FTXUS,2020-11-17 22:07:40
18,17563.5,0.1035,14.0936,1817.82225,247499.43785,FTX,2020-11-17 22:07:40
19,17566.0,121.0846,172.6673,2126972.0836,3032918.2401,FTXUS,2020-11-17 22:07:40
0,17552.0,0.1424,0.1424,2499.4048,2499.4048,FTX,2020-11-17 22:07:41
1,17554.0,0.427,0.5694,7495.558,9994.9628,FTX,2020-11-17 22:07:41
2,17555.5,0.019,0.5884,333.5545,10328.5173,FTX,2020-11-17 22:07:41
3,17556.0,0.1778,0.7662,3121.4568,13449.9741,FTX,2020-11-17 22:07:41
4,17556.5,0.1592,0.9254,2794.9948,16244.9689,FTX,2020-11-17 22:07:41
5,17557.0,0.1185,1.0439,2080.5045,18325.4734,FTX,2020-11-17 22:07:41
6,17557.5,0.0296,1.0735,519.702,18845.1754,FTX,2020-11-17 22:07:41
7,17558.0,0.2665,1.34,4679.207,23524.3824,FTX,2020-11-17 22:07:41
8,17559.0,0.4547,1.7947,7984.0773,31508.4597,FTX,2020-11-17 22:07:41
9,17559.5,0.3139,2.1086,5511.92705,37020.38675,FTX,2020-11-17 22:07:41
10,17560.5,0.2246,2.3332,3944.0883,40964.47505,FTX,2020-11-17 22:07:41
11,17561.0,0.0002,2.3334,3.5122,40967.98725,FTX,2020-11-17 22:07:41
12,17561.5,0.3258,2.6592,5721.5367,46689.52395,FTX,2020-11-17 22:07:41
13,17562.0,0.8036,0.8036,14112.8232,14112.8232,FTXUS,2020-11-17 22:07:41
14,17562.0,10.4314,13.0906,183196.2468,229885.77075,FTX,2020-11-17 22:07:41
15,17562.5,0.8995,13.9901,15797.46875,245683.2395,FTX,2020-11-17 22:07:41
16,17563.0,50.7791,51.5827,891833.3333,905946.1565,FTXUS,2020-11-17 22:07:41
17,17563.5,0.1035,14.0936,1817.82225,247501.06175,FTX,2020-11-17 22:07:41
18,17566.0,121.0846,172.6673,2126972.0836,3032918.2401,FTXUS,2020-11-17 22:07:41
19,17567.0,0.763,14.8566,13403.621,260904.68275,FTX,2020-11-17 22:07:41
0,17552.0,0.1424,0.1424,2499.4048,2499.4048,FTX,2020-11-17 22:07:46
1,17554.0,0.4839,0.6263,8494.3806,10993.7854,FTX,2020-11-17 22:07:46
2,17554.5,0.019,0.6453,333.5355,11327.3209,FTX,2020-11-17 22:07:46
3,17555.0,0.1592,0.8045,2794.756,14122.0769,FTX,2020-11-17 22:07:46
4,17556.0,0.1778,0.9823,3121.4568,17243.5337,FTX,2020-11-17 22:07:46
5,17556.5,0.4447,1.427,7807.37555,25050.90925,FTX,2020-11-17 22:07:46
6,17557.0,0.1185,1.5455,2080.5045,27131.41375,FTX,2020-11-17 22:07:46
7,17557.5,0.0296,1.5751,519.702,27651.11575,FTX,2020-11-17 22:07:46
8,17558.0,0.2665,1.8416,4679.207,32330.32275,FTX,2020-11-17 22:07:46
9,17559.0,0.01,1.8516,175.59,32505.91275,FTX,2020-11-17 22:07:46
10,17559.5,0.3139,2.1655,5511.92705,38017.8398,FTX,2020-11-17 22:07:46
11,17560.5,0.2246,2.3901,3944.0883,41961.9281,FTX,2020-11-17 22:07:46
12,17561.0,0.0002,2.3903,3.5122,41965.4403,FTX,2020-11-17 22:07:46
13,17561.5,0.3358,2.7261,5897.1517,47862.592,FTX,2020-11-17 22:07:46
14,17562.0,10.4314,13.1575,183196.2468,231058.8388,FTX,2020-11-17 22:07:46
15,17562.5,0.8895,14.047,15621.84375,246680.68255,FTX,2020-11-17 22:07:46
16,17563.0,50.7791,50.7791,891833.3333,891833.3333,FTXUS,2020-11-17 22:07:46
17,17563.5,0.1035,14.1505,1817.82225,248498.5048,FTX,2020-11-17 22:07:46
18,17566.0,121.764,172.5431,2138906.424,3030739.7573,FTXUS,2020-11-17 22:07:46
19,17567.0,0.763,14.9135,13403.621,261902.1258,FTX,2020-11-17 22:07:46
0,17552.0,0.1424,0.1424,2499.4048,2499.4048,FTX,2020-11-17 22:07:46
1,17554.0,0.4839,0.6263,8494.3806,10993.7854,FTX,2020-11-17 22:07:46
2,17554.5,0.019,0.6453,333.5355,11327.3209,FTX,2020-11-17 22:07:46
3,17555.0,0.1592,0.8045,2794.756,14122.0769,FTX,2020-11-17 22:07:46
4,17556.0,0.1778,0.9823,3121.4568,17243.5337,FTX,2020-11-17 22:07:46
5,17556.5,0.4447,1.427,7807.37555,25050.90925,FTX,2020-11-17 22:07:46
6,17557.0,0.1185,1.5455,2080.5045,27131.41375,FTX,2020-11-17 22:07:46
7,17557.5,0.0296,1.5751,519.702,27651.11575,FTX,2020-11-17 22:07:46
8,17558.0,0.2665,1.8416,4679.207,32330.32275,FTX,2020-11-17 22:07:46
9,17559.0,0.01,1.8516,175.59,32505.91275,FTX,2020-11-17 22:07:46
10,17559.5,0.3139,2.1655,5511.92705,38017.8398,FTX,2020-11-17 22:07:46
11,17560.5,0.2246,2.3901,3944.0883,41961.9281,FTX,2020-11-17 22:07:46
12,17561.0,0.0002,2.3903,3.5122,41965.4403,FTX,2020-11-17 22:07:46
13,17561.5,0.3358,2.7261,5897.1517,47862.592,FTX,2020-11-17 22:07:46
14,17562.0,10.4314,13.1575,183196.2468,231058.8388,FTX,2020-11-17 22:07:46
15,17562.5,0.8895,14.047,15621.84375,246680.68255,FTX,2020-11-17 22:07:46
16,17563.0,50.7791,50.7791,891833.3333,891833.3333,FTXUS,2020-11-17 22:07:46
17,17563.5,0.1035,14.1505,1817.82225,248498.5048,FTX,2020-11-17 22:07:46
18,17566.0,121.764,172.5431,2138906.424,3030739.7573,FTXUS,2020-11-17 22:07:46
19,17567.0,0.763,14.9135,13403.621,261902.1258,FTX,2020-11-17 22:07:46
0,17559.0,0.1423,0.1423,2498.6457,2498.6457,FTX,2020-11-17 22:07:50
1,17559.5,0.5519,0.6942,9691.08805,12189.73375,FTX,2020-11-17 22:07:50
2,17560.5,0.2838,0.978,4983.6699,17173.40365,FTX,2020-11-17 22:07:50
3,17561.0,0.1594,1.1374,2799.2234,19972.62705,FTX,2020-11-17 22:07:50
4,17562.5,0.0158,1.1532,277.4875,20250.11455,FTX,2020-11-17 22:07:50
5,17563.0,0.1483,1.3015,2604.5929,22854.70745,FTX,2020-11-17 22:07:50
6,17563.5,0.0889,1.3904,1561.39515,24416.1026,FTX,2020-11-17 22:07:50
7,17564.0,0.5632,1.9536,9892.0448,34308.1474,FTX,2020-11-17 22:07:50
8,17564.5,0.0001,1.9537,1.75645,34309.90385,FTX,2020-11-17 22:07:50
9,17565.0,0.2666,2.2203,4682.829,38992.73285,FTX,2020-11-17 22:07:50
10,17565.5,0.1,2.3203,1756.55,40749.28285,FTX,2020-11-17 22:07:50
11,17566.5,11.1424,13.4627,195732.9696,236482.25245,FTX,2020-11-17 22:07:50
12,17567.0,1.1798,14.6425,20725.5466,257207.79905,FTX,2020-11-17 22:07:50
13,17567.5,11.705,26.3475,205627.5875,462835.38655,FTX,2020-11-17 22:07:50
14,17569.5,87.5566,87.5566,1538325.6837,1538325.6837,FTXUS,2020-11-17 22:07:50
15,17570.5,0.7656,88.3222,13451.9748,1551777.6585,FTXUS,2020-11-17 22:07:50
16,17571.5,0.0883,26.4358,1551.56345,464386.95,FTX,2020-11-17 22:07:50
17,17574.5,0.678,27.1138,11915.511,476302.461,FTX,2020-11-17 22:07:50
18,17577.5,107.5504,195.8726,1890467.156,3442244.8145,FTXUS,2020-11-17 22:07:50
19,17582.5,90.6689,286.5415,1594185.93425,5036430.74875,FTXUS,2020-11-17 22:07:50
0,17559.0,0.258,0.258,4530.222,4530.222,FTX,2020-11-17 22:07:51
1,17559.5,0.5519,0.8099,9691.08805,14221.31005,FTX,2020-11-17 22:07:51
2,17560.5,0.2838,1.0937,4983.6699,19204.97995,FTX,2020-11-17 22:07:51
3,17561.0,0.0595,1.1532,1044.8795,20249.85945,FTX,2020-11-17 22:07:51
4,17563.0,0.1483,1.3015,2604.5929,22854.45235,FTX,2020-11-17 22:07:51
5,17563.5,0.0889,1.3904,1561.39515,24415.8475,FTX,2020-11-17 22:07:51
6,17564.0,0.5632,1.9536,9892.0448,34307.8923,FTX,2020-11-17 22:07:51
7,17564.5,0.0101,1.9637,177.40145,34485.29375,FTX,2020-11-17 22:07:51
8,17565.0,0.2666,2.2303,4682.829,39168.12275,FTX,2020-11-17 22:07:51
9,17565.5,0.1,2.3303,1756.55,40924.67275,FTX,2020-11-17 22:07:51
10,17566.5,10.2529,12.5832,180107.56785,221032.2406,FTX,2020-11-17 22:07:51
