bid px,bid size,bid size cumulative,bid sum,bid sum cumulative,exchange,time
0,17555.0,12.578,12.578,220806.79,220806.79,FTX,2020-11-17 22:04:05
1,17553.5,0.1556,12.7336,2731.3246,223538.1146,FTX,2020-11-17 22:04:05
2,17553.5,62.0073,62.0073,1088445.14055,1088445.14055,FTXUS,2020-11-17 22:04:05
3,17551.5,107.6738,169.6811,1889836.7007,2978281.84125,FTXUS,2020-11-17 22:04:05
4,17550.5,19.2034,31.937,337029.2717,560567.3863,FTX,2020-11-17 22:04:05
5,17548.5,0.1708,32.1078,2997.2838,563564.6701,FTX,2020-11-17 22:04:05
6,17548.0,0.673,32.7808,11809.804,575374.4741,FTX,2020-11-17 22:04:05
7,17548.0,85.2371,254.9182,1495740.6308,4474022.47205,FTXUS,2020-11-17 22:04:05
8,17547.0,0.0593,32.8401,1040.5371,576415.0112,FTX,2020-11-17 22:04:05
9,17546.0,0.0593,32.8994,1040.4778,577455.489,FTX,2020-11-17 22:04:05
10,17545.0,0.4447,33.3441,7802.2615,585257.7505,FTX,2020-11-17 22:04:05
11,17544.5,1.0082,34.3523,17688.3649,602946.1154,FTX,2020-11-17 22:04:05
12,17543.5,0.4269,34.7792,7489.32015,610435.43555,FTX,2020-11-17 22:04:05
13,17543.0,0.7117,35.4909,12485.3531,622920.78865,FTX,2020-11-17 22:04:05
14,17543.0,82.3266,337.2448,1444255.5438,5918278.01585,FTXUS,2020-11-17 22:04:05
15,17542.5,0.1186,35.6095,2080.5405,625001.32915,FTX,2020-11-17 22:04:05
16,17539.0,0.0002,35.6097,3.5078,625004.83695,FTX,2020-11-17 22:04:05
17,17536.0,0.0204,35.6301,357.7344,625362.57135,FTX,2020-11-17 22:04:05
18,17535.5,0.8536,36.4837,14968.3028,640330.87415,FTX,2020-11-17 22:04:05
19,17534.0,114.1853,451.4301,2002125.0502,7920403.06605,FTXUS,2020-11-17 22:04:05
0,17555.0,12.71,12.71,223124.05,223124.05,FTX,2020-11-17 22:04:06
1,17553.5,62.0073,62.0073,1088445.14055,1088445.14055,FTXUS,2020-11-17 22:04:06
2,17553.5,0.1556,12.8656,2731.3246,225855.3746,FTX,2020-11-17 22:04:06
3,17551.5,107.6738,169.6811,1889836.7007,2978281.84125,FTXUS,2020-11-17 22:04:06
4,17550.5,19.2034,32.069,337029.2717,562884.6463,FTX,2020-11-17 22:04:06
5,17548.5,0.1423,32.2113,2497.15155,565381.79785,FTX,2020-11-17 22:04:06
6,17548.0,85.2371,254.9182,1495740.6308,4474022.47205,FTXUS,2020-11-17 22:04:06
7,17548.0,0.673,32.8843,11809.804,577191.60185,FTX,2020-11-17 22:04:06
8,17547.5,0.0285,32.9128,500.10375,577691.7056,FTX,2020-11-17 22:04:06
9,17547.0,0.0593,32.9721,1040.5371,578732.2427,FTX,2020-11-17 22:04:06
10,17546.0,0.0593,33.0314,1040.4778,579772.7205,FTX,2020-11-17 22:04:06
11,17544.5,0.126,33.1574,2210.607,581983.3275,FTX,2020-11-17 22:04:06
12,17544.0,0.3854,33.5428,6761.4576,588744.7851,FTX,2020-11-17 22:04:06
13,17543.5,0.4269,33.9697,7489.32015,596234.10525,FTX,2020-11-17 22:04:06
14,17543.0,82.3266,337.2448,1444255.5438,5918278.01585,FTXUS,2020-11-17 22:04:06
15,17542.5,0.1186,34.0883,2080.5405,598314.64575,FTX,2020-11-17 22:04:06
16,17541.5,0.8895,34.9778,15603.16425,613917.81,FTX,2020-11-17 22:04:06
17,17540.0,0.0097,34.9875,170.138,614087.948,FTX,2020-11-17 22:04:06
18,17539.5,0.3262,35.3137,5721.3849,619809.3329,FTX,2020-11-17 22:04:06
19,17539.0,0.0002,35.3139,3.5078,619812.8407,FTX,2020-11-17 22:04:06
0,17557.0,12.962,12.962,227573.834,227573.834,FTX,2020-11-17 22:04:10
1,17555.5,0.6967,0.6967,12230.91685,12230.91685,FTXUS,2020-11-17 22:04:10
2,17555.0,12.71,25.672,223124.05,450697.884,FTX,2020-11-17 22:04:10
3,17553.5,62.0073,62.704,1088445.14055,1100676.0574,FTXUS,2020-11-17 22:04:10
4,17551.5,107.6738,170.3778,1889836.7007,2990512.7581,FTXUS,2020-11-17 22:04:10
5,17551.0,0.1423,25.8143,2497.5073,453195.3913,FTX,2020-11-17 22:04:10
6,17550.5,19.2034,45.0177,337029.2717,790224.663,FTX,2020-11-17 22:04:10
7,17548.5,0.0285,45.0462,500.13225,790724.79525,FTX,2020-11-17 22:04:10
8,17548.0,85.2371,255.6149,1495740.6308,4486253.3889,FTXUS,2020-11-17 22:04:10
9,17548.0,0.673,45.7192,11809.804,802534.59925,FTX,2020-11-17 22:04:10
10,17547.5,0.4268,46.146,7489.273,810023.87225,FTX,2020-11-17 22:04:10
11,17547.0,0.0593,46.2053,1040.5371,811064.40935,FTX,2020-11-17 22:04:10
12,17546.0,0.504,46.7093,8843.184,819907.59335,FTX,2020-11-17 22:04:10
13,17545.0,0.0073,46.7166,128.0785,820035.67185,FTX,2020-11-17 22:04:10
14,17544.5,0.1187,46.8353,2082.53215,822118.204,FTX,2020-11-17 22:04:10
15,17544.0,1.2749,48.1102,22366.8456,844485.0496,FTX,2020-11-17 22:04:10
16,17543.5,0.1185,48.2287,2078.90475,846563.95435,FTX,2020-11-17 22:04:10
17,17543.0,82.3266,337.9415,1444255.5438,5930508.9327,FTXUS,2020-11-17 22:04:10
18,17540.5,0.3262,48.5549,5721.7111,852285.66545,FTX,2020-11-17 22:04:10
19,17539.0,0.0002,48.5551,3.5078,852289.17325,FTX,2020-11-17 22:04:10
0,17562.5,16.0728,16.0728,282278.55,282278.55,FTXUS,2020-11-17 22:04:16
1,17559.5,0.071,0.071,1246.7245,1246.7245,FTX,2020-11-17 22:04:16
2,17557.0,12.962,13.033,227573.834,228820.5585,FTX,2020-11-17 22:04:16
3,17555.5,0.6967,16.7695,12230.91685,294509.46685,FTXUS,2020-11-17 22:04:16
4,17555.0,0.125,13.158,2194.375,231014.9335,FTX,2020-11-17 22:04:16
5,17554.0,0.1423,13.3003,2497.9342,233512.8677,FTX,2020-11-17 22:04:16
6,17553.5,62.0073,78.7768,1088445.14055,1382954.6074,FTXUS,2020-11-17 22:04:16
7,17551.5,106.8239,185.6007,1874919.68085,3257874.28825,FTXUS,2020-11-17 22:04:16
8,17551.0,0.4268,13.7271,7490.7668,241003.6345,FTX,2020-11-17 22:04:16
9,17550.5,19.2034,32.9305,337029.2717,578032.9062,FTX,2020-11-17 22:04:16
10,17549.0,0.0666,32.9971,1168.7634,579201.6696,FTX,2020-11-17 22:04:16
11,17548.5,0.504,33.5011,8844.444,588046.1136,FTX,2020-11-17 22:04:16
12,17548.0,85.2371,270.8378,1495740.6308,4753614.91905,FTXUS,2020-11-17 22:04:16
13,17548.0,0.673,34.1741,11809.804,599855.9176,FTX,2020-11-17 22:04:16
14,17546.5,0.1187,34.2928,2082.76955,601938.68715,FTX,2020-11-17 22:04:16
15,17546.0,0.1185,34.4113,2079.201,604017.88815,FTX,2020-11-17 22:04:16
16,17545.0,0.2667,34.678,4679.2515,608697.13965,FTX,2020-11-17 22:04:16
17,17543.0,82.3266,353.1644,1444255.5438,6197870.46285,FTXUS,2020-11-17 22:04:16
18,17542.0,0.0097,34.6877,170.1574,608867.29705,FTX,2020-11-17 22:04:16
19,17541.5,0.8535,35.5412,14971.67025,623838.9673,FTX,2020-11-17 22:04:16
0,17560.0,12.6683,12.6683,222455.348,222455.348,FTX,2020-11-17 22:04:21
1,17560.0,13.1653,13.1653,231182.668,231182.668,FTXUS,2020-11-17 22:04:21
2,17557.0,0.01,12.6783,175.57,222630.918,FTX,2020-11-17 22:04:21
3,17555.5,0.1384,12.8167,2429.6812,225060.5992,FTX,2020-11-17 22:04:21
4,17555.5,0.6967,13.862,12230.91685,243413.58485,FTXUS,2020-11-17 22:04:21
5,17555.0,0.125,12.9417,2194.375,227254.9742,FTX,2020-11-17 22:04:21
6,17553.5,62.0073,75.8693,1088445.14055,1331858.7254,FTXUS,2020-11-17 22:04:21
7,17551.5,0.0285,12.9702,500.21775,227755.19195,FTX,2020-11-17 22:04:21
8,17551.5,106.8239,182.6932,1874919.68085,3206778.40625,FTXUS,2020-11-17 22:04:21
9,17551.0,0.4268,13.397,7490.7668,235245.95875,FTX,2020-11-17 22:04:21
10,17550.5,19.2034,32.6004,337029.2717,572275.23045,FTX,2020-11-17 22:04:21
11,17548.0,85.2371,267.9303,1495740.6308,4702519.03705,FTXUS,2020-11-17 22:04:21
12,17547.0,0.267,32.8674,4685.049,576960.27945,FTX,2020-11-17 22:04:21
13,17546.5,0.0073,32.8747,128.08945,577088.3689,FTX,2020-11-17 22:04:21
14,17546.0,0.2075,33.0822,3640.795,580729.1639,FTX,2020-11-17 22:04:21
15,17545.5,0.7113,33.7935,12480.11415,593209.27805,FTX,2020-11-17 22:04:21
16,17545.0,0.8895,34.683,15606.2775,608815.55555,FTX,2020-11-17 22:04:21
17,17543.5,0.3262,35.0092,5722.6897,614538.24525,FTX,2020-11-17 22:04:21
18,17543.0,82.3266,350.2569,1444255.5438,6146774.58085,FTXUS,2020-11-17 22:04:21
19,17542.0,0.0097,35.0189,170.1574,614708.40265,FTX,2020-11-17 22:04:21
0,17556.0,1.016,1.016,17836.896,17836.896,FTXUS,2020-11-17 22:04:25
1,17555.5,11.8869,11.8869,208680.47295,208680.47295,FTX,2020-11-17 22:04:25
2,17553.5,62.0073,63.0233,1088445.14055,1106282.03655,FTXUS,2020-11-17 22:04:25
3,17551.5,106.8239,169.8472,1874919.68085,2981201.7174,FTXUS,2020-11-17 22:04:25
4,17551.5,0.1085,11.9954,1904.33775,210584.8107,FTX,2020-11-17 22:04:25
5,17550.5,19.2034,31.1988,337029.2717,547614.0824,FTX,2020-11-17 22:04:25
6,17549.5,0.125,31.3238,2193.6875,549807.7699,FTX,2020-11-17 22:04:25
7,17548.0,85.2371,255.0843,1495740.6308,4476942.3482,FTXUS,2020-11-17 22:04:25
8,17546.0,0.0285,31.3523,500.061,550307.8309,FTX,2020-11-17 22:04:25
9,17545.0,0.0297,31.382,521.0865,550828.9174,FTX,2020-11-17 22:04:25
10,17544.0,0.089,31.471,1561.416,552390.3334,FTX,2020-11-17 22:04:25
11,17543.5,0.0593,31.5303,1040.32955,553430.66295,FTX,2020-11-17 22:04:25
12,17543.0,82.3266,337.4109,1444255.5438,5921197.892,FTXUS,2020-11-17 22:04:25
13,17543.0,0.1187,31.649,2082.3541,555513.01705,FTX,2020-11-17 22:04:25
14,17542.0,0.0073,31.6563,128.0566,555641.07365,FTX,2020-11-17 22:04:25
15,17540.5,0.3262,31.9825,5721.7111,561362.78475,FTX,2020-11-17 22:04:25
16,17539.0,0.0002,31.9827,3.5078,561366.29255,FTX,2020-11-17 22:04:25
17,17536.0,0.001,31.9837,17.536,561383.82855,FTX,2020-11-17 22:04:25
18,17534.0,114.1853,451.5962,2002125.0502,7923322.9422,FTXUS,2020-11-17 22:04:25
19,17533.0,0.0194,32.0031,340.1402,561723.96875,FTX,2020-11-17 22:04:25
0,17555.5,11.8869,11.8869,208680.47295,208680.47295,FTX,2020-11-17 22:04:26
1,17553.5,62.0073,62.0073,1088445.14055,1088445.14055,FTXUS,2020-11-17 22:04:26
2,17551.5,0.1085,11.9954,1904.33775,210584.8107,FTX,2020-11-17 22:04:26
3,17551.5,106.8239,168.8312,1874919.68085,2963364.8214,FTXUS,2020-11-17 22:04:26
4,17550.5,19.2034,31.1988,337029.2717,547614.0824,FTX,2020-11-17 22:04:26
5,17549.5,0.125,31.3238,2193.6875,549807.7699,FTX,2020-11-17 22:04:26
6,17548.0,85.2371,254.0683,1495740.6308,4459105.4522,FTXUS,2020-11-17 22:04:26
7,17547.5,0.8924,254.9607,15659.389,4474764.8412,FTXUS,2020-11-17 22:04:26
8,17546.0,0.0285,31.3523,500.061,550307.8309,FTX,2020-11-17 22:04:26
9,17545.0,0.0297,31.382,521.0865,550828.9174,FTX,2020-11-17 22:04:26
10,17544.0,0.089,31.471,1561.416,552390.3334,FTX,2020-11-17 22:04:26
11,17543.5,0.0593,31.5303,1040.32955,553430.66295,FTX,2020-11-17 22:04:26
12,17543.0,0.1187,31.649,2082.3541,555513.01705,FTX,2020-11-17 22:04:26
13,17543.0,82.3266,337.2873,1444255.5438,5919020.385,FTXUS,2020-11-17 22:04:26
14,17542.0,0.0073,31.6563,128.0566,555641.07365,FTX,2020-11-17 22:04:26
15,17540.5,0.3262,31.9825,5721.7111,561362.78475,FTX,2020-11-17 22:04:26
16,17539.0,0.0002,31.9827,3.5078,561366.29255,FTX,2020-11-17 22:04:26
17,17536.0,0.001,31.9837,17.536,561383.82855,FTX,2020-11-17 22:04:26
18,17534.0,114.1853,451.4726,2002125.0502,7921145.4352,FTXUS,2020-11-17 22:04:26
19,17533.0,0.0194,32.0031,340.1402,561723.96875,FTX,2020-11-17 22:04:26
0,17551.5,0.1085,0.1085,1904.33775,1904.33775,FTX,2020-11-17 22:04:30
1,17551.0,9.5496,9.6581,167605.0296,169509.36735,FTX,2020-11-17 22:04:30
2,17550.5,19.2034,28.8615,337029.2717,506538.63905,FTX,2020-11-17 22:04:30
3,17549.5,0.125,28.9865,2193.6875,508732.32655,FTX,2020-11-17 22:04:30
4,17548.0,85.2371,85.2371,1495740.6308,1495740.6308,FTXUS,2020-11-17 22:04:30
5,17547.5,0.8924,86.1295,15659.389,1511400.0198,FTXUS,2020-11-17 22:04:30
6,17546.0,0.0285,29.015,500.061,509232.38755,FTX,2020-11-17 22:04:30
7,17545.5,0.427,29.442,7491.9285,516724.31605,FTX,2020-11-17 22:04:30
8,17545.0,0.0297,29.4717,521.0865,517245.40255,FTX,2020-11-17 22:04:30
9,17543.5,0.1186,29.5903,2080.6591,519326.06165,FTX,2020-11-17 22:04:30
10,17543.0,0.6819,30.2722,11962.5717,531288.63335,FTX,2020-11-17 22:04:30
11,17543.0,82.3266,168.4561,1444255.5438,2955655.5636,FTXUS,2020-11-17 22:04:30
12,17542.5,0.8895,31.1617,15604.05375,546892.6871,FTX,2020-11-17 22:04:30
13,17541.5,0.3557,31.5174,6239.51155,553132.19865,FTX,2020-11-17 22:04:30
14,17540.5,0.3262,31.8436,5721.7111,558853.90975,FTX,2020-11-17 22:04:30
15,17539.5,85.4782,253.9343,1499244.8889,4454900.4525,FTXUS,2020-11-17 22:04:30
16,17539.0,0.0002,31.8438,3.5078,558857.41755,FTX,2020-11-17 22:04:30
17,17536.5,0.8539,32.6977,14974.41735,573831.8349,FTX,2020-11-17 22:04:30
18,17536.0,0.001,32.6987,17.536,573849.3709,FTX,2020-11-17 22:04:30
19,17534.5,0.982,33.6807,17218.879,591068.2499,FTX,2020-11-17 22:04:30
0,17551.0,9.5496,9.5496,167605.0296,167605.0296,FTX,2020-11-17 22:04:31
1,17550.5,19.2034,28.753,337029.2717,504634.3013,FTX,2020-11-17 22:04:31
2,17549.5,0.125,28.878,2193.6875,506827.9888,FTX,2020-11-17 22:04:31
3,17548.0,85.2371,85.2371,1495740.6308,1495740.6308,FTXUS,2020-11-17 22:04:31
4,17547.5,0.8924,86.1295,15659.389,1511400.0198,FTXUS,2020-11-17 22:04:31
5,17546.0,0.17,29.048,2982.82,509810.8088,FTX,2020-11-17 22:04:31
6,17545.0,0.0297,29.0777,521.0865,510331.8953,FTX,2020-11-17 22:04:31
7,17544.5,0.1424,29.2201,2498.3368,512830.2321,FTX,2020-11-17 22:04:31
8,17544.0,0.0285,29.2486,500.004,513330.2361,FTX,2020-11-17 22:04:31
9,17543.5,0.1186,29.3672,2080.6591,515410.8952,FTX,2020-11-17 22:04:31
10,17543.0,82.3266,168.4561,1444255.5438,2955655.5636,FTXUS,2020-11-17 22:04:31
11,17540.0,0.2372,29.6044,4160.488,519571.3832,FTX,2020-11-17 22:04:31
12,17539.5,85.4782,253.9343,1499244.8889,4454900.4525,FTXUS,2020-11-17 22:04:31
13,17539.5,0.7114,30.3158,12477.6003,532048.9835,FTX,2020-11-17 22:04:31
14,17539.0,0.9787,31.2945,17165.4193,549214.4028,FTX,2020-11-17 22:04:31
15,17537.0,0.0073,31.3018,128.0201,549342.4229,FTX,2020-11-17 22:04:31
16,17536.5,1.1801,32.4819,20694.82365,570037.24655,FTX,2020-11-17 22:04:31
17,17536.0,0.001,32.4829,17.536,570054.78255,FTX,2020-11-17 22:04:31
18,17535.0,0.0097,32.4926,170.0895,570224.87205,FTX,2020-11-17 22:04:31
19,17534.5,0.982,33.4746,17218.879,587443.75105,FTX,2020-11-17 22:04:31
0,17549.5,0.125,0.125,2193.6875,2193.6875,FTX,2020-11-17 22:04:35
1,17548.5,11.0576,11.1826,194044.2936,196237.9811,FTX,2020-11-17 22:04:35
2,17548.0,85.2371,85.2371,1495740.6308,1495740.6308,FTXUS,2020-11-17 22:04:35
3,17547.5,54.1225,139.3596,949714.56875,2445455.19955,FTXUS,2020-11-17 22:04:35
4,17546.0,0.17,11.3526,2982.82,199220.8011,FTX,2020-11-17 22:04:35
5,17544.0,0.0285,11.3811,500.004,199720.8051,FTX,2020-11-17 22:04:35
6,17543.0,82.3266,221.6862,1444255.5438,3889710.74335,FTXUS,2020-11-17 22:04:35
7,17541.0,0.0297,11.4108,520.9677,200241.7728,FTX,2020-11-17 22:04:35
8,17540.5,0.0593,11.4701,1040.15165,201281.92445,FTX,2020-11-17 22:04:35
9,17540.0,0.2372,11.7073,4160.488,205442.41245,FTX,2020-11-17 22:04:35
10,17539.5,0.7114,12.4187,12477.6003,217920.01275,FTX,2020-11-17 22:04:35
11,17539.5,85.4782,307.1644,1499244.8889,5388955.63225,FTXUS,2020-11-17 22:04:35
12,17539.0,0.9787,13.3974,17165.4193,235085.43205,FTX,2020-11-17 22:04:35
13,17536.5,0.0073,13.4047,128.01645,235213.4485,FTX,2020-11-17 22:04:35
14,17536.0,0.3272,13.7319,5737.7792,240951.2277,FTX,2020-11-17 22:04:35
15,17534.5,0.982,14.7139,17218.879,258170.1067,FTX,2020-11-17 22:04:35
16,17534.0,114.1853,421.3497,2002125.0502,7391080.68245,FTXUS,2020-11-17 22:04:35
17,17533.0,0.0097,14.7236,170.0701,258340.1768,FTX,2020-11-17 22:04:35
18,17532.5,0.006,14.7296,105.195,258445.3718,FTX,2020-11-17 22:04:35
19,17531.0,14.0134,28.743,245668.9154,504114.2872,FTX,2020-11-17 22:04:35
0,17549.5,0.125,0.125,2193.6875,2193.6875,FTX,2020-11-17 22:04:36
1,17548.5,11.0576,11.1826,194044.2936,196237.9811,FTX,2020-11-17 22:04:36
2,17548.0,85.2371,85.2371,1495740.6308,1495740.6308,FTXUS,2020-11-17 22:04:36
3,17547.5,54.1225,139.3596,949714.56875,2445455.19955,FTXUS,2020-11-17 22:04:36
4,17546.0,0.17,11.3526,2982.82,199220.8011,FTX,2020-11-17 22:04:36
5,17544.5,0.1424,11.495,2498.3368,201719.1379,FTX,2020-11-17 22:04:36
6,17543.0,82.3266,221.6862,1444255.5438,3889710.74335,FTXUS,2020-11-17 22:04:36
7,17541.5,0.0878,11.5828,1540.1437,203259.2816,FTX,2020-11-17 22:04:36
8,17541.0,0.0297,11.6125,520.9677,203780.2493,FTX,2020-11-17 22:04:36
9,17540.0,0.2965,11.909,5200.61,208980.8593,FTX,2020-11-17 22:04:36
10,17539.5,85.4782,307.1644,1499244.8889,5388955.63225,FTXUS,2020-11-17 22:04:36
11,17539.5,1.1384,13.0474,19966.9668,228947.8261,FTX,2020-11-17 22:04:36
12,17539.0,0.0892,13.1366,1564.4788,230512.3049,FTX,2020-11-17 22:04:36
13,17537.5,0.0073,13.1439,128.02375,230640.32865,FTX,2020-11-17 22:04:36
14,17536.0,0.3272,13.4711,5737.7792,236378.10785,FTX,2020-11-17 22:04:36
15,17534.5,0.982,14.4531,17218.879,253596.98685,FTX,2020-11-17 22:04:36
16,17534.0,114.1853,421.3497,2002125.0502,7391080.68245,FTXUS,2020-11-17 22:04:36
17,17533.0,0.0097,14.4628,170.0701,253767.05695,FTX,2020-11-17 22:04:36
18,17532.5,0.006,14.4688,105.195,253872.25195,FTX,2020-11-17 22:04:36
19,17531.0,14.0134,28.4822,245668.9154,499541.16735,FTX,2020-11-17 22:04:36
0,17548.5,11.0576,11.0576,194044.2936,194044.2936,FTX,2020-11-17 22:04:40
1,17548.0,85.2371,85.2371,1495740.6308,1495740.6308,FTXUS,2020-11-17 22:04:40
2,17547.5,54.1225,139.3596,949714.56875,2445455.19955,FTXUS,2020-11-17 22:04:40
3,17546.0,0.17,11.2276,2982.82,197027.1136,FTX,2020-11-17 22:04:40
4,17545.5,0.125,11.3526,2193.1875,199220.3011,FTX,2020-11-17 22:04:40
5,17544.5,0.1424,11.495,2498.3368,201718.6379,FTX,2020-11-17 22:04:40
6,17543.0,82.3266,221.6862,1444255.5438,3889710.74335,FTXUS,2020-11-17 22:04:40
7,17542.0,0.0285,11.5235,499.947,202218.5849,FTX,2020-11-17 22:04:40
8,17541.5,0.0593,11.5828,1040.21095,203258.79585,FTX,2020-11-17 22:04:40
9,17541.0,0.089,11.6718,1561.149,204819.94485,FTX,2020-11-17 22:04:40
10,17540.0,0.2372,11.909,4160.488,208980.43285,FTX,2020-11-17 22:04:40
11,17539.5,85.4782,307.1644,1499244.8889,5388955.63225,FTXUS,2020-11-17 22:04:40
12,17539.5,1.1384,13.0474,19966.9668,228947.39965,FTX,2020-11-17 22:04:40
13,17539.0,0.0892,13.1366,1564.4788,230511.87845,FTX,2020-11-17 22:04:40
14,17538.5,0.8895,14.0261,15600.49575,246112.3742,FTX,2020-11-17 22:04:40
15,17536.5,0.0073,14.0334,128.01645,246240.39065,FTX,2020-11-17 22:04:40
16,17536.0,0.3272,14.3606,5737.7792,251978.16985,FTX,2020-11-17 22:04:40
17,17534.5,0.982,15.3426,17218.879,269197.04885,FTX,2020-11-17 22:04:40
18,17534.0,114.1853,421.3497,2002125.0502,7391080.68245,FTXUS,2020-11-17 22:04:40
19,17533.0,0.0097,15.3523,170.0701,269367.11895,FTX,2020-11-17 22:04:40
0,17548.5,11.0576,11.0576,194044.2936,194044.2936,FTX,2020-11-17 22:04:51
1,17545.5,0.125,11.1826,2193.1875,196237.4811,FTX,2020-11-17 22:04:51
2,17542.5,0.0593,11.2419,1040.27025,197277.75135,FTX,2020-11-17 22:04:51
3,17542.0,0.2055,11.4474,3604.881,200882.63235,FTX,2020-11-17 22:04:51
4,17541.5,0.0285,11.4759,499.93275,201382.5651,FTX,2020-11-17 22:04:51
5,17541.0,0.0297,11.5056,520.9677,201903.5328,FTX,2020-11-17 22:04:51
6,17539.5,86.2505,86.2505,1512790.64475,1512790.64475,FTXUS,2020-11-17 22:04:51
7,17539.0,0.0002,11.5058,3.5078,201907.0406,FTX,2020-11-17 22:04:51
8,17538.0,0.2372,11.743,4160.0136,206067.0542,FTX,2020-11-17 22:04:51
9,17537.5,0.5337,12.2767,9359.76375,215426.81795,FTX,2020-11-17 22:04:51
10,17536.0,0.001,12.2777,17.536,215444.35395,FTX,2020-11-17 22:04:51
11,17535.5,0.2668,12.5445,4678.4714,220122.82535,FTX,2020-11-17 22:04:51
12,17535.0,0.0073,12.5518,128.0055,220250.83085,FTX,2020-11-17 22:04:51
13,17534.5,0.982,13.5338,17218.879,237469.70985,FTX,2020-11-17 22:04:51
14,17534.0,114.1853,200.4358,2002125.0502,3514915.69495,FTXUS,2020-11-17 22:04:51
15,17533.5,0.3262,13.86,5719.4277,243189.13755,FTX,2020-11-17 22:04:51
16,17533.0,0.8895,14.7495,15595.6035,258784.74105,FTX,2020-11-17 22:04:51
17,17532.5,0.006,14.7555,105.195,258889.93605,FTX,2020-11-17 22:04:51
18,17531.0,14.0134,28.7689,245668.9154,504558.85145,FTX,2020-11-17 22:04:51
19,17530.5,0.0097,28.7786,170.04585,504728.8973,FTX,2020-11-17 22:04:51
0,17545.5,0.125,0.125,2193.1875,2193.1875,FTX,2020-11-17 22:04:51
1,17543.5,0.1424,0.2674,2498.1944,4691.3819,FTX,2020-11-17 22:04:51
2,17543.0,0.1186,0.386,2080.5998,6771.9817,FTX,2020-11-17 22:04:51
3,17542.0,0.1462,0.5322,2564.6404,9336.6221,FTX,2020-11-17 22:04:51
4,17541.5,0.0285,0.5607,499.93275,9836.55485,FTX,2020-11-17 22:04:51
5,17541.0,0.0297,0.5904,520.9677,10357.52255,FTX,2020-11-17 22:04:51
6,17539.5,86.2505,86.2505,1512790.64475,1512790.64475,FTXUS,2020-11-17 22:04:51
7,17539.5,0.4271,1.0175,7491.12045,17848.643,FTX,2020-11-17 22:04:51
8,17539.0,0.0002,1.0177,3.5078,17852.1508,FTX,2020-11-17 22:04:51
9,17538.5,0.1193,1.137,2092.34305,19944.49385,FTX,2020-11-17 22:04:51
10,17538.0,0.2372,1.3742,4160.0136,24104.50745,FTX,2020-11-17 22:04:51
11,17537.5,0.089,1.4632,1560.8375,25665.34495,FTX,2020-11-17 22:04:51
12,17536.0,0.001,1.4642,17.536,25682.88095,FTX,2020-11-17 22:04:51
13,17535.5,0.2668,1.731,4678.4714,30361.35235,FTX,2020-11-17 22:04:51
14,17535.0,0.0073,1.7383,128.0055,30489.35785,FTX,2020-11-17 22:04:51
15,17534.5,0.982,2.7203,17218.879,47708.23685,FTX,2020-11-17 22:04:51
16,17534.0,114.1853,200.4358,2002125.0502,3514915.69495,FTXUS,2020-11-17 22:04:51
17,17534.0,0.4447,3.165,7797.3698,55505.60665,FTX,2020-11-17 22:04:51
18,17533.5,0.3262,3.4912,5719.4277,61225.03435,FTX,2020-11-17 22:04:51
19,17533.0,0.8895,4.3807,15595.6035,76820.63785,FTX,2020-11-17 22:04:51
0,17545.5,0.1137,0.1137,1994.92335,1994.92335,FTX,2020-11-17 22:04:55
1,17545.0,11.5899,11.7036,203344.7955,205339.71885,FTX,2020-11-17 22:04:55
2,17544.0,50.6734,50.6734,889014.1296,889014.1296,FTXUS,2020-11-17 22:04:55
3,17542.0,0.1462,11.8498,2564.6404,207904.35925,FTX,2020-11-17 22:04:55
4,17540.0,0.1424,11.9922,2497.696,210402.05525,FTX,2020-11-17 22:04:55
5,17539.5,86.2505,136.9239,1512790.64475,2401804.77435,FTXUS,2020-11-17 22:04:55
6,17539.0,70.2003,207.1242,1231243.0617,3633047.83605,FTXUS,2020-11-17 22:04:55
7,17539.0,0.0287,12.0209,503.3693,210905.42455,FTX,2020-11-17 22:04:55
8,17537.0,0.0593,12.0802,1039.9441,211945.36865,FTX,2020-11-17 22:04:55
9,17536.0,0.001,12.0812,17.536,211962.90465,FTX,2020-11-17 22:04:55
10,17535.5,0.1187,12.1999,2081.46385,214044.3685,FTX,2020-11-17 22:04:55
11,17535.0,0.4447,12.6446,7797.8145,221842.183,FTX,2020-11-17 22:04:55
12,17534.5,0.982,13.6266,17218.879,239061.062,FTX,2020-11-17 22:04:55
13,17534.0,114.1853,321.3095,2002125.0502,5635172.88625,FTXUS,2020-11-17 22:04:55
14,17533.0,0.2655,13.8921,4655.0115,243716.0735,FTX,2020-11-17 22:04:55
15,17532.5,0.006,13.8981,105.195,243821.2685,FTX,2020-11-17 22:04:55
16,17532.0,0.8895,14.7876,15594.714,259415.9825,FTX,2020-11-17 22:04:55
17,17531.5,0.3262,15.1138,5718.7753,265134.7578,FTX,2020-11-17 22:04:55
18,17531.0,14.0134,29.1272,245668.9154,510803.6732,FTX,2020-11-17 22:04:55
19,17530.0,0.0059,29.1331,103.427,510907.1002,FTX,2020-11-17 22:04:55
0,17545.0,12.4495,12.4495,218426.4775,218426.4775,FTXUS,2020-11-17 22:05:00
1,17544.0,50.6734,63.1229,889014.1296,1107440.6071,FTXUS,2020-11-17 22:05:00
2,17539.5,86.2505,149.3734,1512790.64475,2620231.25185,FTXUS,2020-11-17 22:05:00
3,17539.0,70.2003,219.5737,1231243.0617,3851474.31355,FTXUS,2020-11-17 22:05:00
4,17539.0,0.0002,0.0002,3.5078,3.5078,FTX,2020-11-17 22:05:00
5,17538.0,13.4365,13.4367,235649.337,235652.8448,FTX,2020-11-17 22:05:00
6,17536.0,0.001,13.4377,17.536,235670.3808,FTX,2020-11-17 22:05:00
7,17535.5,0.125,13.5627,2191.9375,237862.3183,FTX,2020-11-17 22:05:00
8,17534.0,114.1853,333.759,2002125.0502,5853599.36375,FTXUS,2020-11-17 22:05:00
9,17533.0,0.0285,13.5912,499.6905,238362.0088,FTX,2020-11-17 22:05:00
10,17532.5,0.1253,13.7165,2196.82225,240558.83105,FTX,2020-11-17 22:05:00
11,17531.0,14.0727,27.7892,246708.5037,487267.33475,FTX,2020-11-17 22:05:00
12,17530.5,0.0593,27.8485,1039.55865,488306.8934,FTX,2020-11-17 22:05:00
13,17530.0,0.1543,28.0028,2704.879,491011.7724,FTX,2020-11-17 22:05:00
14,17529.0,0.089,28.0918,1560.081,492571.8534,FTX,2020-11-17 22:05:00
15,17528.5,83.7366,417.4956,1467776.9931,7321376.35685,FTXUS,2020-11-17 22:05:00
16,17527.5,0.1259,28.2177,2206.71225,494778.56565,FTX,2020-11-17 22:05:00
17,17527.0,0.4447,28.6624,7794.2569,502572.82255,FTX,2020-11-17 22:05:00
18,17526.5,0.2668,28.9292,4676.0702,507248.89275,FTX,2020-11-17 22:05:00
19,17526.0,0.0002,28.9294,3.5052,507252.39795,FTX,2020-11-17 22:05:00
0,17539.0,0.0002,0.0002,3.5078,3.5078,FTX,2020-11-17 22:05:01
1,17539.0,70.2003,70.2003,1231243.0617,1231243.0617,FTXUS,2020-11-17 22:05:01
2,17538.0,13.4365,13.4367,235649.337,235652.8448,FTX,2020-11-17 22:05:01
3,17536.0,0.001,13.4377,17.536,235670.3808,FTX,2020-11-17 22:05:01
4,17535.5,0.125,13.5627,2191.9375,237862.3183,FTX,2020-11-17 22:05:01
5,17535.0,0.9976,71.1979,17492.916,1248735.9777,FTXUS,2020-11-17 22:05:01
6,17534.0,114.1853,185.3832,2002125.0502,3250861.0279,FTXUS,2020-11-17 22:05:01
7,17533.0,0.0285,13.5912,499.6905,238362.0088,FTX,2020-11-17 22:05:01
8,17532.5,0.1253,13.7165,2196.82225,240558.83105,FTX,2020-11-17 22:05:01
9,17531.0,14.0727,27.7892,246708.5037,487267.33475,FTX,2020-11-17 22:05:01
10,17530.5,0.0593,27.8485,1039.55865,488306.8934,FTX,2020-11-17 22:05:01
11,17530.0,0.1543,28.0028,2704.879,491011.7724,FTX,2020-11-17 22:05:01
12,17529.0,0.089,28.0918,1560.081,492571.8534,FTX,2020-11-17 22:05:01
13,17528.5,83.7366,269.1198,1467776.9931,4718638.021,FTXUS,2020-11-17 22:05:01
14,17528.0,86.9114,356.0312,1523383.0192,6242021.0402,FTXUS,2020-11-17 22:05:01
15,17527.5,0.1259,28.2177,2206.71225,494778.56565,FTX,2020-11-17 22:05:01
16,17527.0,0.4447,28.6624,7794.2569,502572.82255,FTX,2020-11-17 22:05:01
17,17526.5,0.2668,28.9292,4676.0702,507248.89275,FTX,2020-11-17 22:05:01
18,17526.0,0.0002,28.9294,3.5052,507252.39795,FTX,2020-11-17 22:05:01
19,17525.0,0.8037,29.7331,14084.8425,521337.24045,FTX,2020-11-17 22:05:01
0,17536.0,0.001,0.001,17.536,17.536,FTX,2020-11-17 22:05:05
1,17534.5,10.7403,10.7413,188325.79035,188343.32635,FTX,2020-11-17 22:05:05
2,17533.5,0.1511,10.8924,2649.31185,190992.6382,FTX,2020-11-17 22:05:05
3,17532.5,0.006,10.8984,105.195,191097.8332,FTX,2020-11-17 22:05:05
4,17531.0,14.0134,24.9118,245668.9154,436766.7486,FTX,2020-11-17 22:05:05
5,17530.0,1.0729,1.0729,18807.937,18807.937,FTXUS,2020-11-17 22:05:05
6,17530.0,0.0059,24.9177,103.427,436870.1756,FTX,2020-11-17 22:05:05
7,17529.5,0.1115,25.0292,1954.53925,438824.71485,FTX,2020-11-17 22:05:05
8,17528.5,83.7366,84.8095,1467776.9931,1486584.9301,FTXUS,2020-11-17 22:05:05
9,17528.5,0.0285,25.0577,499.56225,439324.2771,FTX,2020-11-17 22:05:05
10,17528.0,86.9114,171.7209,1523383.0192,3009967.9493,FTXUS,2020-11-17 22:05:05
11,17527.0,0.1425,25.2002,2497.5975,441821.8746,FTX,2020-11-17 22:05:05
12,17526.0,0.0299,25.2301,524.0274,442345.902,FTX,2020-11-17 22:05:05
13,17525.0,0.065,25.2951,1139.125,443485.027,FTX,2020-11-17 22:05:05
14,17524.0,0.0668,25.3619,1170.6032,444655.6302,FTX,2020-11-17 22:05:05
15,17523.5,0.682,26.0439,11951.027,456606.6572,FTX,2020-11-17 22:05:05
16,17521.5,1.1563,27.2002,20260.11045,476866.76765,FTX,2020-11-17 22:05:05
17,17519.5,129.9476,301.6685,2276616.9782,5286584.9275,FTXUS,2020-11-17 22:05:05
18,17519.0,130.6601,432.3286,2289034.2919,7575619.2194,FTXUS,2020-11-17 22:05:05
19,17519.0,0.3262,27.5264,5714.6978,482581.46545,FTX,2020-11-17 22:05:05
0,17532.5,0.006,0.006,105.195,105.195,FTX,2020-11-17 22:05:10
1,17530.0,0.0059,0.0119,103.427,208.622,FTX,2020-11-17 22:05:10
2,17529.5,0.1491,0.161,2613.64845,2822.27045,FTX,2020-11-17 22:05:10
3,17528.0,86.9114,86.9114,1523383.0192,1523383.0192,FTXUS,2020-11-17 22:05:10
4,17527.5,10.2806,10.4416,180193.2165,183015.48695,FTX,2020-11-17 22:05:10
5,17527.5,81.9414,168.8528,1436227.8885,2959610.9077,FTXUS,2020-11-17 22:05:10
6,17526.0,0.0002,10.4418,3.5052,183018.99215,FTX,2020-11-17 22:05:10
7,17526.0,0.747,169.5998,13091.922,2972702.8297,FTXUS,2020-11-17 22:05:10
8,17525.5,0.0285,10.4703,499.47675,183518.4689,FTX,2020-11-17 22:05:10
9,17525.0,0.0057,10.476,99.8925,183618.3614,FTX,2020-11-17 22:05:10
10,17524.5,0.1193,10.5953,2090.67285,185709.03425,FTX,2020-11-17 22:05:10
11,17524.0,0.1427,10.738,2500.6748,188209.70905,FTX,2020-11-17 22:05:10
12,17522.0,0.0593,10.7973,1039.0546,189248.76365,FTX,2020-11-17 22:05:10
13,17521.0,0.5462,11.3435,9569.9702,198818.73385,FTX,2020-11-17 22:05:10
14,17520.5,0.2076,11.5511,3637.2558,202455.98965,FTX,2020-11-17 22:05:10
15,17520.0,0.089,11.6401,1559.28,204015.26965,FTX,2020-11-17 22:05:10
16,17519.0,130.6601,300.2599,2289034.2919,5261737.1216,FTXUS,2020-11-17 22:05:10
17,17518.5,0.8895,12.5296,15582.70575,219597.9754,FTX,2020-11-17 22:05:10
18,17517.5,0.8,13.3296,14014.0,233611.9754,FTX,2020-11-17 22:05:10
19,17517.0,0.4449,13.7745,7793.3133,241405.2887,FTX,2020-11-17 22:05:10
0,17532.5,0.006,0.006,105.195,105.195,FTX,2020-11-17 22:05:11
1,17530.0,0.1309,0.1369,2294.677,2399.872,FTX,2020-11-17 22:05:11
2,17529.5,0.1491,0.286,2613.64845,5013.52045,FTX,2020-11-17 22:05:11
3,17528.0,86.9114,86.9114,1523383.0192,1523383.0192,FTXUS,2020-11-17 22:05:11
4,17527.5,81.9414,168.8528,1436227.8885,2959610.9077,FTXUS,2020-11-17 22:05:11
5,17527.5,10.2806,10.5666,180193.2165,185206.73695,FTX,2020-11-17 22:05:11
6,17526.0,0.747,169.5998,13091.922,2972702.8297,FTXUS,2020-11-17 22:05:11
7,17526.0,0.0002,10.5668,3.5052,185210.24215,FTX,2020-11-17 22:05:11
8,17525.0,0.0057,10.5725,99.8925,185310.13465,FTX,2020-11-17 22:05:11
9,17524.5,0.1193,10.6918,2090.67285,187400.8075,FTX,2020-11-17 22:05:11
10,17524.0,0.1427,10.8345,2500.6748,189901.4823,FTX,2020-11-17 22:05:11
11,17522.0,0.0593,10.8938,1039.0546,190940.5369,FTX,2020-11-17 22:05:11
12,17521.5,0.0593,10.9531,1039.02495,191979.56185,FTX,2020-11-17 22:05:11
13,17521.0,0.5832,11.5363,10218.2472,202197.80905,FTX,2020-11-17 22:05:11
14,17520.5,0.1186,11.6549,2077.9313,204275.74035,FTX,2020-11-17 22:05:11
15,17520.0,0.5337,12.1886,9350.424,213626.16435,FTX,2020-11-17 22:05:11
16,17519.0,130.6601,300.2599,2289034.2919,5261737.1216,FTXUS,2020-11-17 22:05:11
17,17518.5,0.8895,13.0781,15582.70575,229208.8701,FTX,2020-11-17 22:05:11
18,17517.5,0.8,13.8781,14014.0,243222.8701,FTX,2020-11-17 22:05:11
19,17517.0,133.703,433.9629,2342075.451,7603812.5726,FTXUS,2020-11-17 22:05:11
0,17532.5,0.006,0.006,105.195,105.195,FTX,2020-11-17 22:05:16
1,17530.0,0.1309,0.1369,2294.677,2399.872,FTX,2020-11-17 22:05:16
2,17529.5,0.1006,0.2375,1763.4677,4163.3397,FTX,2020-11-17 22:05:16
3,17528.0,86.9114,86.9114,1523383.0192,1523383.0192,FTXUS,2020-11-17 22:05:16
4,17527.5,81.9414,168.8528,1436227.8885,2959610.9077,FTXUS,2020-11-17 22:05:16
5,17527.5,10.2806,10.5181,180193.2165,184356.5562,FTX,2020-11-17 22:05:16
6,17526.0,0.747,169.5998,13091.922,2972702.8297,FTXUS,2020-11-17 22:05:16
7,17526.0,0.0002,10.5183,3.5052,184360.0614,FTX,2020-11-17 22:05:16
8,17525.5,0.0285,10.5468,499.47675,184859.53815,FTX,2020-11-17 22:05:16
9,17525.0,0.0057,10.5525,99.8925,184959.43065,FTX,2020-11-17 22:05:16
10,17524.0,0.1427,10.6952,2500.6748,187460.10545,FTX,2020-11-17 22:05:16
11,17522.5,0.1193,10.8145,2090.43425,189550.5397,FTX,2020-11-17 22:05:16
12,17522.0,0.1186,10.9331,2078.1092,191628.6489,FTX,2020-11-17 22:05:16
13,17521.0,0.4572,11.3903,8010.6012,199639.2501,FTX,2020-11-17 22:05:16
14,17520.5,0.0073,11.3976,127.89965,199767.14975,FTX,2020-11-17 22:05:16
15,17520.0,0.2077,11.6053,3638.904,203406.05375,FTX,2020-11-17 22:05:16
16,17519.5,0.1186,11.7239,2077.8127,205483.86645,FTX,2020-11-17 22:05:16
17,17519.0,130.6601,300.2599,2289034.2919,5261737.1216,FTXUS,2020-11-17 22:05:16
18,17518.5,0.4447,12.1686,7790.47695,213274.3434,FTX,2020-11-17 22:05:16
19,17517.5,0.8,12.9686,14014.0,227288.3434,FTX,2020-11-17 22:05:16
0,17532.5,0.006,0.006,105.195,105.195,FTX,2020-11-17 22:05:20
1,17531.5,16.4348,16.4348,288126.6962,288126.6962,FTXUS,2020-11-17 22:05:20
2,17530.0,0.1309,0.1369,2294.677,2399.872,FTX,2020-11-17 22:05:20
3,17527.5,10.2806,10.4175,180193.2165,182593.0885,FTX,2020-11-17 22:05:20
4,17527.5,81.9414,98.3762,1436227.8885,1724354.5847,FTXUS,2020-11-17 22:05:20
5,17526.5,0.0285,10.446,499.50525,183092.59375,FTX,2020-11-17 22:05:20
6,17526.5,75.2622,173.6384,1319082.9483,3043437.533,FTXUS,2020-11-17 22:05:20
7,17526.0,0.0002,10.4462,3.5052,183096.09895,FTX,2020-11-17 22:05:20
8,17525.5,0.0925,10.5387,1621.10875,184717.2077,FTX,2020-11-17 22:05:20
9,17525.0,0.0057,10.5444,99.8925,184817.1002,FTX,2020-11-17 22:05:20
10,17524.0,0.1427,10.6871,2500.6748,187317.775,FTX,2020-11-17 22:05:20
11,17522.0,0.1186,10.8057,2078.1092,189395.8842,FTX,2020-11-17 22:05:20
12,17521.0,0.4572,11.2629,8010.6012,197406.4854,FTX,2020-11-17 22:05:20
13,17520.0,0.1187,11.3816,2079.624,199486.1094,FTX,2020-11-17 22:05:20
14,17519.5,0.5633,11.9449,9868.73435,209354.84375,FTX,2020-11-17 22:05:20
15,17519.0,130.6601,304.2985,2289034.2919,5332471.8249,FTXUS,2020-11-17 22:05:20
16,17517.5,1.7785,13.7234,31154.87375,240509.7175,FTX,2020-11-17 22:05:20
17,17517.0,0.267,13.9904,4677.039,245186.7565,FTX,2020-11-17 22:05:20
18,17517.0,133.703,438.0015,2342075.451,7674547.2759,FTXUS,2020-11-17 22:05:20
19,17516.5,0.3262,14.3166,5713.8823,250900.6388,FTX,2020-11-17 22:05:20
0,17532.5,0.006,0.006,105.195,105.195,FTX,2020-11-17 22:05:21
1,17531.5,16.4348,16.4348,288126.6962,288126.6962,FTXUS,2020-11-17 22:05:21
2,17530.5,0.1193,0.1253,2091.38865,2196.58365,FTX,2020-11-17 22:05:21
3,17530.0,0.1309,0.2562,2294.677,4491.26065,FTX,2020-11-17 22:05:21
4,17528.0,0.0285,0.2847,499.548,4990.80865,FTX,2020-11-17 22:05:21
5,17527.5,81.9414,98.3762,1436227.8885,1724354.5847,FTXUS,2020-11-17 22:05:21
6,17527.5,10.2806,10.5653,180193.2165,185184.02515,FTX,2020-11-17 22:05:21
7,17526.5,75.2622,173.6384,1319082.9483,3043437.533,FTXUS,2020-11-17 22:05:21
8,17526.0,0.0002,10.5655,3.5052,185187.53035,FTX,2020-11-17 22:05:21
9,17525.5,0.0925,10.658,1621.10875,186808.6391,FTX,2020-11-17 22:05:21
10,17525.0,0.9637,11.6217,16888.8425,203697.4816,FTX,2020-11-17 22:05:21
11,17524.0,0.1427,11.7644,2500.6748,206198.1564,FTX,2020-11-17 22:05:21
12,17522.0,0.1186,11.883,2078.1092,208276.2656,FTX,2020-11-17 22:05:21
13,17521.0,0.5759,12.4589,10090.3439,218366.6095,FTX,2020-11-17 22:05:21
14,17520.5,0.1185,12.5774,2076.17925,220442.78875,FTX,2020-11-17 22:05:21
15,17520.0,0.4447,13.0221,7791.144,228233.93275,FTX,2020-11-17 22:05:21
16,17519.0,130.6601,304.2985,2289034.2919,5332471.8249,FTXUS,2020-11-17 22:05:21
17,17518.0,0.0073,13.0294,127.8814,228361.81415,FTX,2020-11-17 22:05:21
18,17517.5,1.7785,14.8079,31154.87375,259516.6879,FTX,2020-11-17 22:05:21
19,17517.0,133.703,438.0015,2342075.451,7674547.2759,FTXUS,2020-11-17 22:05:21
0,17531.5,16.4348,16.4348,288126.6962,288126.6962,FTXUS,2020-11-17 22:05:25
1,17530.0,0.2604,0.2604,4564.812,4564.812,FTX,2020-11-17 22:05:25
2,17527.5,10.2806,10.541,180193.2165,184758.0285,FTX,2020-11-17 22:05:25
3,17527.5,81.9414,98.3762,1436227.8885,1724354.5847,FTXUS,2020-11-17 22:05:25
4,17526.5,0.0285,10.5695,499.50525,185257.53375,FTX,2020-11-17 22:05:25
5,17526.5,75.2622,173.6384,1319082.9483,3043437.533,FTXUS,2020-11-17 22:05:25
6,17526.0,0.0002,10.5697,3.5052,185261.03895,FTX,2020-11-17 22:05:25
7,17525.0,0.9637,11.5334,16888.8425,202149.88145,FTX,2020-11-17 22:05:25
8,17524.0,0.1427,11.6761,2500.6748,204650.55625,FTX,2020-11-17 22:05:25
9,17522.5,0.0296,11.7057,518.666,205169.22225,FTX,2020-11-17 22:05:25
10,17522.0,0.0593,11.765,1039.0546,206208.27685,FTX,2020-11-17 22:05:25
11,17521.5,0.1073,11.8723,1880.05695,208088.3338,FTX,2020-11-17 22:05:25
12,17521.0,1.0502,12.9225,18400.5542,226488.888,FTX,2020-11-17 22:05:25
13,17520.5,0.1186,13.0411,2077.9313,228566.8193,FTX,2020-11-17 22:05:25
14,17518.5,0.3558,13.3969,6233.0823,234799.9016,FTX,2020-11-17 22:05:25
15,17517.5,0.8,14.1969,14014.0,248813.9016,FTX,2020-11-17 22:05:25
16,17517.0,0.0099,14.2068,173.4183,248987.3199,FTX,2020-11-17 22:05:25
17,17517.0,133.703,307.3414,2342075.451,5385512.984,FTXUS,2020-11-17 22:05:25
18,17516.5,1.2156,15.4224,21293.0574,270280.3773,FTX,2020-11-17 22:05:25
19,17516.5,83.9941,391.3355,1471282.65265,6856795.63665,FTXUS,2020-11-17 22:05:25
0,17530.0,0.1309,0.1309,2294.677,2294.677,FTX,2020-11-17 22:05:31
1,17527.5,81.9414,81.9414,1436227.8885,1436227.8885,FTXUS,2020-11-17 22:05:31
2,17527.5,10.2806,10.4115,180193.2165,182487.8935,FTX,2020-11-17 22:05:31
3,17526.5,75.2622,157.2036,1319082.9483,2755310.8368,FTXUS,2020-11-17 22:05:31
4,17526.0,0.0002,10.4117,3.5052,182491.3987,FTX,2020-11-17 22:05:31
5,17525.5,0.1454,10.5571,2548.2077,185039.6064,FTX,2020-11-17 22:05:31
6,17525.0,0.1482,10.7053,2597.205,187636.8114,FTX,2020-11-17 22:05:31
7,17524.0,0.0002,10.7055,3.5048,187640.3162,FTX,2020-11-17 22:05:31
8,17522.5,0.0593,10.7648,1039.08425,188679.40045,FTX,2020-11-17 22:05:31
9,17522.0,0.4275,11.1923,7490.655,196170.05545,FTX,2020-11-17 22:05:31
10,17521.5,0.1593,11.3516,2791.17495,198961.2304,FTX,2020-11-17 22:05:31
11,17521.0,0.1187,11.4703,2079.7427,201040.9731,FTX,2020-11-17 22:05:31
12,17520.5,0.1482,11.6185,2596.5381,203637.5112,FTX,2020-11-17 22:05:31
13,17519.5,0.0073,11.6258,127.89235,203765.40355,FTX,2020-11-17 22:05:31
14,17518.5,0.0889,11.7147,1557.39465,205322.7982,FTX,2020-11-17 22:05:31
15,17517.5,1.5115,13.2262,26477.70125,231800.49945,FTX,2020-11-17 22:05:31
16,17517.0,133.703,290.9066,2342075.451,5097386.2878,FTXUS,2020-11-17 22:05:31
17,17517.0,0.0002,13.2264,3.5034,231804.00285,FTX,2020-11-17 22:05:31
18,17516.5,83.9941,374.9007,1471282.65265,6568668.94045,FTXUS,2020-11-17 22:05:31
19,17516.5,0.8895,14.1159,15580.92675,247384.9296,FTX,2020-11-17 22:05:31
0,17530.0,0.042,0.042,736.26,736.26,FTX,2020-11-17 22:05:35
1,17527.5,81.9414,81.9414,1436227.8885,1436227.8885,FTXUS,2020-11-17 22:05:35
2,17526.5,74.2078,156.1492,1300603.0067,2736830.8952,FTXUS,2020-11-17 22:05:35
3,17526.0,0.0002,0.0422,3.5052,739.7652,FTX,2020-11-17 22:05:35
4,17525.5,0.1169,0.1591,2048.73095,2788.49615,FTX,2020-11-17 22:05:35
5,17525.0,11.9786,12.1377,209924.965,212713.46115,FTX,2020-11-17 22:05:35
6,17524.0,0.1427,12.2804,2500.6748,215214.13595,FTX,2020-11-17 22:05:35
7,17523.0,0.0285,12.3089,499.4055,215713.54145,FTX,2020-11-17 22:05:35
8,17522.5,1.0426,157.1918,18268.9585,2755099.8537,FTXUS,2020-11-17 22:05:35
9,17522.5,0.0593,12.3682,1039.08425,216752.6257,FTX,2020-11-17 22:05:35
10,17522.0,0.4275,12.7957,7490.655,224243.2807,FTX,2020-11-17 22:05:35
11,17521.5,0.1974,12.9931,3458.7441,227702.0248,FTX,2020-11-17 22:05:35
12,17521.0,0.1187,13.1118,2079.7427,229781.7675,FTX,2020-11-17 22:05:35
13,17520.5,0.0296,13.1414,518.6068,230300.3743,FTX,2020-11-17 22:05:35
14,17518.5,0.0073,13.1487,127.88505,230428.25935,FTX,2020-11-17 22:05:35
15,17518.0,0.5632,13.7119,9866.1376,240294.39695,FTX,2020-11-17 22:05:35
16,17517.5,1.0668,14.7787,18687.669,258982.06595,FTX,2020-11-17 22:05:35
17,17517.0,133.703,290.8948,2342075.451,5097175.3047,FTXUS,2020-11-17 22:05:35
18,17517.0,0.0002,14.7789,3.5034,258985.56935,FTX,2020-11-17 22:05:35
19,17516.5,83.9941,374.8889,1471282.65265,6568457.95735,FTXUS,2020-11-17 22:05:35
0,17530.0,0.042,0.042,736.26,736.26,FTX,2020-11-17 22:05:36
1,17526.0,0.0002,0.0422,3.5052,739.7652,FTX,2020-11-17 22:05:36
2,17525.5,0.1169,0.1591,2048.73095,2788.49615,FTX,2020-11-17 22:05:36
3,17525.0,11.9786,12.1377,209924.965,212713.46115,FTX,2020-11-17 22:05:36
4,17524.0,0.1427,12.2804,2500.6748,215214.13595,FTX,2020-11-17 22:05:36
5,17523.0,0.0285,12.3089,499.4055,215713.54145,FTX,2020-11-17 22:05:36
6,17522.5,0.0593,12.3682,1039.08425,216752.6257,FTX,2020-11-17 22:05:36
7,17522.0,0.4275,12.7957,7490.655,224243.2807,FTX,2020-11-17 22:05:36
8,17521.5,0.1974,12.9931,3458.7441,227702.0248,FTX,2020-11-17 22:05:36
9,17521.0,0.1187,13.1118,2079.7427,229781.7675,FTX,2020-11-17 22:05:36
10,17520.5,0.0296,13.1414,518.6068,230300.3743,FTX,2020-11-17 22:05:36
11,17518.5,0.0073,13.1487,127.88505,230428.25935,FTX,2020-11-17 22:05:36
12,17518.0,0.5632,13.7119,9866.1376,240294.39695,FTX,2020-11-17 22:05:36
13,17518.0,0.8031,0.8031,14068.7058,14068.7058,FTXUS,2020-11-17 22:05:36
14,17517.5,1.0668,14.7787,18687.669,258982.06595,FTX,2020-11-17 22:05:36
15,17517.0,0.0002,14.7789,3.5034,258985.56935,FTX,2020-11-17 22:05:36
16,17517.0,133.703,134.5061,2342075.451,2356144.1568,FTXUS,2020-11-17 22:05:36
17,17516.5,0.8895,15.6684,15580.92675,274566.4961,FTX,2020-11-17 22:05:36
18,17516.5,83.9941,218.5002,1471282.65265,3827426.80945,FTXUS,2020-11-17 22:05:36
19,17516.0,0.0171,15.6855,299.5236,274866.0197,FTX,2020-11-17 22:05:36
0,17526.0,0.0002,0.0002,3.5052,3.5052,FTX,2020-11-17 22:05:41
1,17525.5,0.125,0.1252,2190.6875,2194.1927,FTX,2020-11-17 22:05:41
2,17525.0,0.0057,0.1309,99.8925,2294.0852,FTX,2020-11-17 22:05:41
3,17524.0,0.0002,0.1311,3.5048,2297.59,FTX,2020-11-17 22:05:41
4,17523.0,49.0458,49.0458,859429.5534,859429.5534,FTXUS,2020-11-17 22:05:41
5,17523.0,0.1425,0.2736,2497.0275,4794.6175,FTX,2020-11-17 22:05:41
6,17522.0,8.9179,9.1915,156259.4438,161054.0613,FTX,2020-11-17 22:05:41
7,17521.5,0.1381,9.3296,2419.71915,163473.78045,FTX,2020-11-17 22:05:41
8,17521.0,0.1187,9.4483,2079.7427,165553.52315,FTX,2020-11-17 22:05:41
9,17520.5,0.0593,9.5076,1038.96565,166592.4888,FTX,2020-11-17 22:05:41
10,17518.0,0.8031,49.8489,14068.7058,873498.2592,FTXUS,2020-11-17 22:05:41
11,17518.0,0.1185,9.6261,2075.883,168668.3718,FTX,2020-11-17 22:05:41
12,17517.5,66.8892,116.7381,1171731.561,2045229.8202,FTXUS,2020-11-17 22:05:41
13,17517.5,0.326,9.9521,5710.705,174379.0768,FTX,2020-11-17 22:05:41
14,17517.0,0.4449,10.397,7793.3133,182172.3901,FTX,2020-11-17 22:05:41
15,17516.5,83.9941,200.7322,1471282.65265,3516512.47285,FTXUS,2020-11-17 22:05:41
16,17516.5,0.8968,11.2938,15708.7972,197881.1873,FTX,2020-11-17 22:05:41
17,17516.0,0.0467,11.3405,817.9972,198699.1845,FTX,2020-11-17 22:05:41
18,17515.0,0.0888,11.4293,1555.332,200254.5165,FTX,2020-11-17 22:05:41
19,17513.0,0.3256,11.7549,5702.2328,205956.7493,FTX,2020-11-17 22:05:41
0,17525.0,0.0057,0.0057,99.8925,99.8925,FTX,2020-11-17 22:05:45
1,17524.0,0.0002,0.0059,3.5048,103.3973,FTX,2020-11-17 22:05:45
2,17518.0,12.7117,12.7176,222683.5606,222786.9579,FTX,2020-11-17 22:05:45
3,17517.5,66.8892,66.8892,1171731.561,1171731.561,FTXUS,2020-11-17 22:05:45
4,17517.0,0.0002,12.7178,3.5034,222790.4613,FTX,2020-11-17 22:05:45
5,17516.5,0.0285,12.7463,499.22025,223289.68155,FTX,2020-11-17 22:05:45
6,17516.5,83.9941,150.8833,1471282.65265,2643014.21365,FTXUS,2020-11-17 22:05:45
7,17516.0,0.0171,12.7634,299.5236,223589.20515,FTX,2020-11-17 22:05:45
8,17515.5,0.1426,12.906,2497.7103,226086.91545,FTX,2020-11-17 22:05:45
9,17514.0,0.0591,12.9651,1035.0774,227121.99285,FTX,2020-11-17 22:05:45
10,17513.5,0.0899,13.055,1574.46365,228696.4565,FTX,2020-11-17 22:05:45
11,17513.5,0.9032,151.7865,15818.1932,2658832.40685,FTXUS,2020-11-17 22:05:45
12,17513.0,0.4277,13.4827,7490.3101,236186.7666,FTX,2020-11-17 22:05:45
13,17512.5,0.1183,13.601,2071.72875,238258.49535,FTX,2020-11-17 22:05:45
14,17512.0,0.2661,13.8671,4659.9432,242918.43855,FTX,2020-11-17 22:05:45
15,17511.5,0.0073,13.8744,127.83395,243046.2725,FTX,2020-11-17 22:05:45
16,17511.5,107.4858,259.2723,1882237.5867,4541069.99355,FTXUS,2020-11-17 22:05:45
17,17510.0,17.64,31.5144,308876.4,551922.6725,FTX,2020-11-17 22:05:45
18,17508.5,0.3253,31.8397,5695.51505,557618.18755,FTX,2020-11-17 22:05:45
19,17508.0,0.982,32.8217,17192.856,574811.04355,FTX,2020-11-17 22:05:45
0,17517.5,66.8892,66.8892,1171731.561,1171731.561,FTXUS,2020-11-17 22:05:46
1,17516.5,83.9941,150.8833,1471282.65265,2643014.21365,FTXUS,2020-11-17 22:05:46
2,17516.0,0.0167,0.0167,292.5172,292.5172,FTX,2020-11-17 22:05:46
3,17513.5,0.9032,151.7865,15818.1932,2658832.40685,FTXUS,2020-11-17 22:05:46
4,17513.5,0.0285,0.0452,499.13475,791.65195,FTX,2020-11-17 22:05:46
5,17511.5,107.4858,259.2723,1882237.5867,4541069.99355,FTXUS,2020-11-17 22:05:46
6,17510.0,17.7287,17.7739,310429.537,311221.18895,FTX,2020-11-17 22:05:46
7,17508.5,0.1426,17.9165,2496.7121,313717.90105,FTX,2020-11-17 22:05:46
8,17508.0,0.1162,18.0327,2034.4296,315752.33065,FTX,2020-11-17 22:05:46
9,17507.5,0.0592,18.0919,1036.444,316788.77465,FTX,2020-11-17 22:05:46
10,17506.0,0.7529,18.8448,13180.2674,329969.04205,FTX,2020-11-17 22:05:46
11,17505.0,0.0073,18.8521,127.7865,330096.82855,FTX,2020-11-17 22:05:46
12,17504.5,0.148,19.0001,2590.666,332687.49455,FTX,2020-11-17 22:05:46
13,17501.5,119.9424,379.2147,2099171.9136,6640241.90715,FTXUS,2020-11-17 22:05:46
14,17500.5,0.0097,19.0098,169.75485,332857.2494,FTX,2020-11-17 22:05:46
15,17500.0,107.1183,486.333,1874570.25,8514812.15715,FTXUS,2020-11-17 22:05:46
16,17500.0,0.2731,19.2829,4779.25,337636.4994,FTX,2020-11-17 22:05:46
17,17499.5,120.2953,606.6283,2105107.60235,10619919.7595,FTXUS,2020-11-17 22:05:46
18,17499.5,1.7594,21.0423,30788.6203,368425.1197,FTX,2020-11-17 22:05:46
19,17495.0,0.0002,21.0425,3.499,368428.6187,FTX,2020-11-17 22:05:46
0,17520.5,0.6849,0.6849,11999.79045,11999.79045,FTXUS,2020-11-17 22:05:51
1,17520.0,19.7171,20.402,345443.592,357443.38245,FTXUS,2020-11-17 22:05:51
2,17518.5,0.1538,0.1538,2694.3453,2694.3453,FTX,2020-11-17 22:05:51
3,17516.0,0.0167,0.1705,292.5172,2986.8625,FTX,2020-11-17 22:05:51
4,17514.0,0.912,1.0825,15972.768,18959.6305,FTX,2020-11-17 22:05:51
5,17513.5,15.7956,36.1976,276636.2406,634079.62305,FTXUS,2020-11-17 22:05:51
6,17512.5,0.125,1.2075,2189.0625,21148.693,FTX,2020-11-17 22:05:51
7,17510.0,17.7287,18.9362,310429.537,331578.23,FTX,2020-11-17 22:05:51
8,17509.5,13.8214,32.7576,242005.8033,573584.0333,FTX,2020-11-17 22:05:51
9,17508.5,64.0936,100.2912,1122182.7956,1756262.41865,FTXUS,2020-11-17 22:05:51
10,17507.5,0.0592,32.8168,1036.444,574620.4773,FTX,2020-11-17 22:05:51
11,17506.5,0.0073,32.8241,127.79745,574748.27475,FTX,2020-11-17 22:05:51
12,17506.0,0.3251,33.1492,5691.2006,580439.47535,FTX,2020-11-17 22:05:51
13,17504.5,0.148,33.2972,2590.666,583030.14135,FTX,2020-11-17 22:05:51
14,17503.5,70.7022,170.9934,1237535.9577,2993798.37635,FTXUS,2020-11-17 22:05:51
15,17501.5,119.9424,290.9358,2099171.9136,5092970.28995,FTXUS,2020-11-17 22:05:51
16,17500.5,0.2169,33.5141,3795.85845,586825.9998,FTX,2020-11-17 22:05:51
17,17500.0,0.2731,33.7872,4779.25,591605.2498,FTX,2020-11-17 22:05:51
18,17500.0,107.1183,398.0541,1874570.25,6967540.53995,FTXUS,2020-11-17 22:05:51
19,17499.5,1.7594,35.5466,30788.6203,622393.8701,FTX,2020-11-17 22:05:51
0,17526.5,14.1793,14.1793,248513.50145,248513.50145,FTXUS,2020-11-17 22:05:55
1,17525.0,16.9417,16.9417,296903.2925,296903.2925,FTX,2020-11-17 22:05:55
2,17524.5,0.0999,17.0416,1750.69755,298653.99005,FTX,2020-11-17 22:05:55
3,17523.5,17.2535,31.4328,302341.70725,550855.2087,FTXUS,2020-11-17 22:05:55
4,17522.5,0.8549,17.8965,14979.98525,313633.9753,FTX,2020-11-17 22:05:55
5,17521.0,53.0519,84.4847,929522.3399,1480377.5486,FTXUS,2020-11-17 22:05:55
6,17520.5,0.6849,85.1696,11999.79045,1492377.33905,FTXUS,2020-11-17 22:05:55
7,17520.0,0.4275,18.324,7489.8,321123.7753,FTX,2020-11-17 22:05:55
8,17518.0,10.8626,29.1866,190291.0268,511414.8021,FTX,2020-11-17 22:05:55
9,17517.5,0.0592,29.2458,1037.036,512451.8381,FTX,2020-11-17 22:05:55
10,17516.0,0.176,29.4218,3082.816,515534.6541,FTX,2020-11-17 22:05:55
11,17514.5,0.0097,29.4315,169.89065,515704.54475,FTX,2020-11-17 22:05:55
12,17514.0,0.912,30.3435,15972.768,531677.31275,FTX,2020-11-17 22:05:55
13,17513.0,0.0888,30.4323,1555.1544,533232.46715,FTX,2020-11-17 22:05:55
14,17512.5,0.125,30.5573,2189.0625,535421.52965,FTX,2020-11-17 22:05:55
15,17511.5,0.3847,30.942,6736.67405,542158.2037,FTX,2020-11-17 22:05:55
16,17510.5,0.0296,30.9716,518.3108,542676.5145,FTX,2020-11-17 22:05:55
17,17510.0,17.9655,48.9371,314575.905,857252.4195,FTX,2020-11-17 22:05:55
18,17506.5,0.0146,48.9517,255.5949,857508.0144,FTX,2020-11-17 22:05:55
19,17506.0,0.855,49.8067,14967.63,872475.6444,FTX,2020-11-17 22:05:55
0,17526.5,14.1793,14.1793,248513.50145,248513.50145,FTXUS,2020-11-17 22:05:56
1,17525.0,16.9417,16.9417,296903.2925,296903.2925,FTX,2020-11-17 22:05:56
2,17524.5,0.0999,17.0416,1750.69755,298653.99005,FTX,2020-11-17 22:05:56
3,17524.5,0.5998,14.7791,10511.1951,259024.69655,FTXUS,2020-11-17 22:05:56
4,17522.5,0.8549,17.8965,14979.98525,313633.9753,FTX,2020-11-17 22:05:56
5,17521.0,53.0519,67.831,929522.3399,1188547.03645,FTXUS,2020-11-17 22:05:56
6,17520.0,0.4275,18.324,7489.8,321123.7753,FTX,2020-11-17 22:05:56
7,17518.0,10.8626,29.1866,190291.0268,511414.8021,FTX,2020-11-17 22:05:56
8,17517.5,0.0592,29.2458,1037.036,512451.8381,FTX,2020-11-17 22:05:56
9,17516.0,0.176,29.4218,3082.816,515534.6541,FTX,2020-11-17 22:05:56
10,17514.5,0.0097,29.4315,169.89065,515704.54475,FTX,2020-11-17 22:05:56
11,17514.0,0.912,30.3435,15972.768,531677.31275,FTX,2020-11-17 22:05:56
12,17513.0,0.0888,30.4323,1555.1544,533232.46715,FTX,2020-11-17 22:05:56
13,17512.5,0.125,30.5573,2189.0625,535421.52965,FTX,2020-11-17 22:05:56
14,17511.5,0.3847,30.942,6736.67405,542158.2037,FTX,2020-11-17 22:05:56
15,17510.5,0.0296,30.9716,518.3108,542676.5145,FTX,2020-11-17 22:05:56
16,17510.0,17.9655,48.9371,314575.905,857252.4195,FTX,2020-11-17 22:05:56
17,17506.5,0.0146,48.9517,255.5949,857508.0144,FTX,2020-11-17 22:05:56
18,17506.0,0.855,49.8067,14967.63,872475.6444,FTX,2020-11-17 22:05:56
19,17504.5,0.1184,49.9251,2072.5328,874548.1772,FTX,2020-11-17 22:05:56
0,17529.0,0.0285,0.0285,499.5765,499.5765,FTX,2020-11-17 22:05:56
1,17528.5,0.0999,0.1284,1751.09715,2250.67365,FTX,2020-11-17 22:05:56
2,17527.5,22.1546,22.283,388314.7515,390565.42515,FTX,2020-11-17 22:05:56
3,17526.5,14.1793,14.1793,248513.50145,248513.50145,FTXUS,2020-11-17 22:05:56
4,17526.5,0.1493,22.4323,2616.70645,393182.1316,FTX,2020-11-17 22:05:56
5,17526.0,0.1425,22.5748,2497.455,395679.5866,FTX,2020-11-17 22:05:56
6,17524.5,0.5998,14.7791,10511.1951,259024.69655,FTXUS,2020-11-17 22:05:56
7,17524.5,0.4274,23.0022,7489.9713,403169.5579,FTX,2020-11-17 22:05:56
8,17522.5,0.763,23.7652,13369.6675,416539.2254,FTX,2020-11-17 22:05:56
9,17521.5,10.4677,34.2329,183409.80555,599949.03095,FTX,2020-11-17 22:05:56
10,17521.0,53.0519,67.831,929522.3399,1188547.03645,FTXUS,2020-11-17 22:05:56
11,17520.0,0.1,34.3329,1752.0,601701.03095,FTX,2020-11-17 22:05:56
12,17518.5,0.0097,34.3426,169.92945,601870.9604,FTX,2020-11-17 22:05:56
13,17518.0,10.8626,45.2052,190291.0268,792161.9872,FTX,2020-11-17 22:05:56
14,17517.5,0.0592,45.2644,1037.036,793199.0232,FTX,2020-11-17 22:05:56
15,17516.5,0.4447,45.7091,7789.58755,800988.61075,FTX,2020-11-17 22:05:56
16,17516.0,0.076,45.7851,1331.216,802319.82675,FTX,2020-11-17 22:05:56
17,17514.5,0.0097,45.7948,169.89065,802489.7174,FTX,2020-11-17 22:05:56
18,17514.0,0.9416,46.7364,16491.1824,818980.8998,FTX,2020-11-17 22:05:56
19,17513.5,0.8895,47.6259,15578.25825,834559.15805,FTX,2020-11-17 22:05:56
0,17533.5,19.6435,19.6435,344419.30725,344419.30725,FTXUS,2020-11-17 22:06:01
1,17533.5,0.0285,0.0285,499.70475,499.70475,FTX,2020-11-17 22:06:01
2,17533.0,19.7111,19.7396,345594.7163,346094.42105,FTX,2020-11-17 22:06:01
3,17532.5,0.0999,19.8395,1751.49675,347845.9178,FTX,2020-11-17 22:06:01
4,17531.5,19.6532,39.2967,344550.0758,688969.38305,FTXUS,2020-11-17 22:06:01
5,17531.5,0.1425,19.982,2498.23875,350344.15655,FTX,2020-11-17 22:06:01
6,17531.0,0.2632,20.2452,4614.1592,354958.31575,FTX,2020-11-17 22:06:01
7,17529.5,11.8332,32.0784,207430.0794,562388.39515,FTX,2020-11-17 22:06:01
8,17529.0,0.7024,39.9991,12312.3696,701281.75265,FTXUS,2020-11-17 22:06:01
9,17526.0,0.4447,32.5231,7793.8122,570182.20735,FTX,2020-11-17 22:06:01
10,17525.0,0.0073,32.5304,127.9325,570310.13985,FTX,2020-11-17 22:06:01
11,17524.5,0.5867,33.1171,10281.62415,580591.764,FTX,2020-11-17 22:06:01
12,17523.0,0.0592,33.1763,1037.3616,581629.1256,FTX,2020-11-17 22:06:01
13,17522.5,1.6821,34.8584,29474.59725,611103.72285,FTX,2020-11-17 22:06:01
14,17521.5,95.8323,135.8314,1679125.64445,2380407.3971,FTXUS,2020-11-17 22:06:01
15,17521.0,53.0519,188.8833,929522.3399,3309929.737,FTXUS,2020-11-17 22:06:01
16,17521.0,0.0097,34.8681,169.9537,611273.67655,FTX,2020-11-17 22:06:01
17,17520.5,0.0888,34.9569,1555.8204,612829.49695,FTX,2020-11-17 22:06:01
18,17518.0,0.4441,35.401,7779.7438,620609.24075,FTX,2020-11-17 22:06:01
19,17516.5,0.0097,35.4107,169.91005,620779.1508,FTX,2020-11-17 22:06:01
0,17535.5,0.0999,0.0999,1751.79645,1751.79645,FTX,2020-11-17 22:06:05
1,17534.5,0.017,0.1169,298.0865,2049.88295,FTX,2020-11-17 22:06:05
2,17532.0,1.028,1.1449,18022.896,20072.77895,FTX,2020-11-17 22:06:05
3,17531.5,0.1238,1.2687,2170.3997,22243.17865,FTX,2020-11-17 22:06:05
4,17531.0,0.125,1.3937,2191.375,24434.55365,FTX,2020-11-17 22:06:05
5,17529.5,11.8332,13.2269,207430.0794,231864.63305,FTX,2020-11-17 22:06:05
6,17529.0,0.7024,0.7024,12312.3696,12312.3696,FTXUS,2020-11-17 22:06:05
7,17525.5,0.0073,13.2342,127.93615,231992.5692,FTX,2020-11-17 22:06:05
8,17525.0,0.504,13.7382,8832.6,240825.1692,FTX,2020-11-17 22:06:05
9,17524.5,0.1,13.8382,1752.45,242577.6192,FTX,2020-11-17 22:06:05
10,17524.0,0.9584,14.7966,16795.0016,259372.6208,FTX,2020-11-17 22:06:05
11,17523.5,0.0296,14.8262,518.6956,259891.3164,FTX,2020-11-17 22:06:05
12,17522.5,0.763,15.5892,13369.6675,273260.9839,FTX,2020-11-17 22:06:05
13,17522.0,0.0888,15.678,1555.9536,274816.9375,FTX,2020-11-17 22:06:05
14,17521.5,95.8323,96.5347,1679125.64445,1691438.01405,FTXUS,2020-11-17 22:06:05
15,17521.0,53.0519,149.5866,929522.3399,2620960.35395,FTXUS,2020-11-17 22:06:05
16,17520.0,0.3256,16.0036,5704.512,280521.4495,FTX,2020-11-17 22:06:05
17,17519.5,0.0097,16.0133,169.93915,280691.38865,FTX,2020-11-17 22:06:05
18,17519.0,0.1184,16.1317,2074.2496,282765.63825,FTX,2020-11-17 22:06:05
19,17518.0,0.3849,16.5166,6742.6782,289508.31645,FTX,2020-11-17 22:06:05
0,17535.5,0.0999,0.0999,1751.79645,1751.79645,FTX,2020-11-17 22:06:06
1,17534.5,0.017,0.1169,298.0865,2049.88295,FTX,2020-11-17 22:06:06
2,17533.0,0.9771,0.9771,17131.4943,17131.4943,FTXUS,2020-11-17 22:06:06
3,17532.0,1.028,1.1449,18022.896,20072.77895,FTX,2020-11-17 22:06:06
4,17532.0,15.9698,16.9469,279982.5336,297114.0279,FTXUS,2020-11-17 22:06:06
5,17531.5,0.1238,1.2687,2170.3997,22243.17865,FTX,2020-11-17 22:06:06
6,17531.0,0.125,1.3937,2191.375,24434.55365,FTX,2020-11-17 22:06:06
7,17529.5,11.8332,13.2269,207430.0794,231864.63305,FTX,2020-11-17 22:06:06
8,17525.5,0.0073,13.2342,127.93615,231992.5692,FTX,2020-11-17 22:06:06
9,17525.0,0.504,13.7382,8832.6,240825.1692,FTX,2020-11-17 22:06:06
10,17524.5,0.1,13.8382,1752.45,242577.6192,FTX,2020-11-17 22:06:06
11,17524.0,0.9584,14.7966,16795.0016,259372.6208,FTX,2020-11-17 22:06:06
12,17523.5,0.0296,14.8262,518.6956,259891.3164,FTX,2020-11-17 22:06:06
13,17522.5,0.763,15.5892,13369.6675,273260.9839,FTX,2020-11-17 22:06:06
14,17522.0,0.0888,15.678,1555.9536,274816.9375,FTX,2020-11-17 22:06:06
15,17521.5,95.8323,112.7792,1679125.64445,1976239.67235,FTXUS,2020-11-17 22:06:06
16,17521.0,53.0519,165.8311,929522.3399,2905762.01225,FTXUS,2020-11-17 22:06:06
17,17520.0,0.3256,16.0036,5704.512,280521.4495,FTX,2020-11-17 22:06:06
18,17519.5,0.0097,16.0133,169.93915,280691.38865,FTX,2020-11-17 22:06:06
19,17519.0,0.1184,16.1317,2074.2496,282765.63825,FTX,2020-11-17 22:06:06
0,17546.0,0.01,0.01,175.46,175.46,FTX,2020-11-17 22:06:11
1,17545.5,0.01,0.02,175.455,350.915,FTX,2020-11-17 22:06:11
2,17542.0,0.0999,0.1199,1752.4458,2103.3608,FTX,2020-11-17 22:06:11
3,17540.0,0.1644,0.2843,2883.576,4986.9368,FTX,2020-11-17 22:06:11
4,17533.5,0.1424,0.4267,2496.7704,7483.7072,FTX,2020-11-17 22:06:11
5,17533.0,0.9771,0.9771,17131.4943,17131.4943,FTXUS,2020-11-17 22:06:11
6,17533.0,0.1,0.5267,1753.3,9237.0072,FTX,2020-11-17 22:06:11
7,17532.5,0.0073,0.534,127.98725,9364.99445,FTX,2020-11-17 22:06:11
8,17532.0,15.9698,16.9469,279982.5336,297114.0279,FTXUS,2020-11-17 22:06:11
9,17532.0,12.9041,13.4381,226234.6812,235599.67565,FTX,2020-11-17 22:06:11
10,17531.0,0.125,13.5631,2191.375,237791.05065,FTX,2020-11-17 22:06:11
11,17530.5,0.4743,14.0374,8314.71615,246105.7668,FTX,2020-11-17 22:06:11
12,17530.0,0.9488,14.9862,16632.464,262738.2308,FTX,2020-11-17 22:06:11
13,17529.5,0.0592,15.0454,1037.7464,263775.9772,FTX,2020-11-17 22:06:11
14,17529.0,0.4272,15.4726,7488.3888,271264.366,FTX,2020-11-17 22:06:11
15,17528.5,0.0888,15.5614,1556.5308,272820.8968,FTX,2020-11-17 22:06:11
16,17526.0,0.0097,15.5711,170.0022,272990.899,FTX,2020-11-17 22:06:11
17,17525.5,0.4442,16.0153,7784.8271,280775.7261,FTX,2020-11-17 22:06:11
18,17523.0,0.0097,16.025,169.9731,280945.6992,FTX,2020-11-17 22:06:11
19,17522.5,0.763,16.788,13369.6675,294315.3667,FTX,2020-11-17 22:06:11
0,17546.0,0.01,0.01,175.46,175.46,FTX,2020-11-17 22:06:11
1,17545.5,0.01,0.02,175.455,350.915,FTX,2020-11-17 22:06:11
2,17542.0,0.0999,0.1199,1752.4458,2103.3608,FTX,2020-11-17 22:06:11
3,17540.0,0.1644,0.2843,2883.576,4986.9368,FTX,2020-11-17 22:06:11
4,17538.5,16.5676,16.5676,290570.8526,290570.8526,FTXUS,2020-11-17 22:06:11
5,17537.0,0.7933,17.3609,13912.1021,304482.9547,FTXUS,2020-11-17 22:06:11
6,17534.5,12.0769,29.4378,211762.40305,516245.35775,FTXUS,2020-11-17 22:06:11
7,17533.5,0.1424,0.4267,2496.7704,7483.7072,FTX,2020-11-17 22:06:11
8,17533.0,0.1,0.5267,1753.3,9237.0072,FTX,2020-11-17 22:06:11
9,17532.5,0.0073,0.534,127.98725,9364.99445,FTX,2020-11-17 22:06:11
10,17532.0,12.9041,13.4381,226234.6812,235599.67565,FTX,2020-11-17 22:06:11
11,17531.0,0.125,13.5631,2191.375,237791.05065,FTX,2020-11-17 22:06:11
12,17530.5,0.4743,14.0374,8314.71615,246105.7668,FTX,2020-11-17 22:06:11
13,17530.0,0.9488,14.9862,16632.464,262738.2308,FTX,2020-11-17 22:06:11
14,17529.5,0.0592,15.0454,1037.7464,263775.9772,FTX,2020-11-17 22:06:11
15,17529.0,0.4272,15.4726,7488.3888,271264.366,FTX,2020-11-17 22:06:11
16,17528.5,0.0888,15.5614,1556.5308,272820.8968,FTX,2020-11-17 22:06:11
17,17526.0,0.0097,15.5711,170.0022,272990.899,FTX,2020-11-17 22:06:11
18,17525.5,0.4442,16.0153,7784.8271,280775.7261,FTX,2020-11-17 22:06:11
19,17523.0,0.0097,16.025,169.9731,280945.6992,FTX,2020-11-17 22:06:11
0,17549.5,0.01,0.01,175.495,175.495,FTX,2020-11-17 22:06:16
1,17548.5,0.01,0.02,175.485,350.98,FTX,2020-11-17 22:06:16
2,17543.5,0.0285,0.0485,499.98975,850.96975,FTX,2020-11-17 22:06:16
3,17543.0,0.0999,0.1484,1752.5457,2603.51545,FTX,2020-11-17 22:06:16
4,17542.0,0.017,0.1654,298.214,2901.72945,FTX,2020-11-17 22:06:16
5,17541.0,0.5763,0.5763,10108.8783,10108.8783,FTXUS,2020-11-17 22:06:16
6,17540.0,0.1147,0.2801,2011.838,4913.56745,FTX,2020-11-17 22:06:16
7,17539.5,0.75,1.0301,13154.625,18068.19245,FTX,2020-11-17 22:06:16
8,17538.5,16.5676,17.1439,290570.8526,300679.7309,FTXUS,2020-11-17 22:06:16
9,17537.5,9.2456,10.2757,162144.71,180212.90245,FTX,2020-11-17 22:06:16
10,17536.5,0.0073,10.283,128.01645,180340.9189,FTX,2020-11-17 22:06:16
11,17536.0,0.4447,10.7277,7798.2592,188139.1781,FTX,2020-11-17 22:06:16
12,17535.5,0.8895,11.6172,15597.82725,203737.00535,FTX,2020-11-17 22:06:16
13,17533.5,0.0593,11.6765,1039.73655,204776.7419,FTX,2020-11-17 22:06:16
14,17533.0,0.0888,11.7653,1556.9304,206333.6723,FTX,2020-11-17 22:06:16
15,17532.5,0.0097,11.775,170.06525,206503.73755,FTX,2020-11-17 22:06:16
16,17532.0,1.028,12.803,18022.896,224526.63355,FTX,2020-11-17 22:06:16
17,17531.0,0.2138,13.0168,3748.1278,228274.76135,FTX,2020-11-17 22:06:16
18,17529.0,0.7528,13.7696,13195.8312,241470.59255,FTX,2020-11-17 22:06:16
19,17526.0,0.0097,13.7793,170.0022,241640.59475,FTX,2020-11-17 22:06:16
0,17549.5,0.01,0.01,175.495,175.495,FTX,2020-11-17 22:06:16
1,17548.5,0.01,0.02,175.485,350.98,FTX,2020-11-17 22:06:16
2,17543.5,0.0285,0.0485,499.98975,850.96975,FTX,2020-11-17 22:06:16
3,17543.0,0.0999,0.1484,1752.5457,2603.51545,FTX,2020-11-17 22:06:16
4,17542.0,0.017,0.1654,298.214,2901.72945,FTX,2020-11-17 22:06:16
5,17540.0,0.1147,0.2801,2011.838,4913.56745,FTX,2020-11-17 22:06:16
6,17539.5,0.75,1.0301,13154.625,18068.19245,FTX,2020-11-17 22:06:16
7,17538.5,16.5676,16.5676,290570.8526,290570.8526,FTXUS,2020-11-17 22:06:16
8,17538.0,55.658,72.2256,976130.004,1266700.8566,FTXUS,2020-11-17 22:06:16
9,17537.5,9.2456,10.2757,162144.71,180212.90245,FTX,2020-11-17 22:06:16
10,17536.5,0.0073,10.283,128.01645,180340.9189,FTX,2020-11-17 22:06:16
11,17536.5,1.0091,73.2347,17696.08215,1284396.93875,FTXUS,2020-11-17 22:06:16
12,17536.0,0.4447,10.7277,7798.2592,188139.1781,FTX,2020-11-17 22:06:16
13,17535.5,0.8895,11.6172,15597.82725,203737.00535,FTX,2020-11-17 22:06:16
14,17533.5,0.0593,11.6765,1039.73655,204776.7419,FTX,2020-11-17 22:06:16
15,17533.0,0.0888,11.7653,1556.9304,206333.6723,FTX,2020-11-17 22:06:16
16,17532.5,0.0097,11.775,170.06525,206503.73755,FTX,2020-11-17 22:06:16
17,17532.0,1.028,12.803,18022.896,224526.63355,FTX,2020-11-17 22:06:16
18,17531.0,0.2138,13.0168,3748.1278,228274.76135,FTX,2020-11-17 22:06:16
19,17529.0,0.7528,13.7696,13195.8312,241470.59255,FTX,2020-11-17 22:06:16
0,17542.5,0.01,0.01,175.425,175.425,FTX,2020-11-17 22:06:21
1,17539.0,0.0285,0.0385,499.8615,675.2865,FTX,2020-11-17 22:06:21
2,17538.5,0.0999,0.1384,1752.09615,2427.38265,FTX,2020-11-17 22:06:21
3,17538.0,0.017,0.1554,298.146,2725.52865,FTX,2020-11-17 22:06:21
4,17538.0,13.7048,13.7048,240354.7824,240354.7824,FTXUS,2020-11-17 22:06:21
5,17537.5,9.1132,9.2686,159822.745,162548.27365,FTX,2020-11-17 22:06:21
6,17533.5,0.0296,9.2982,518.9916,163067.26525,FTX,2020-11-17 22:06:21
7,17532.5,0.2016,9.4998,3534.552,166601.81725,FTX,2020-11-17 22:06:21
8,17532.5,0.7875,14.4923,13806.84375,254161.62615,FTXUS,2020-11-17 22:06:21
9,17532.0,0.1222,9.622,2142.4104,168744.22765,FTX,2020-11-17 22:06:21
10,17531.5,0.1,9.722,1753.15,170497.37765,FTX,2020-11-17 22:06:21
11,17531.0,0.125,9.847,2191.375,172688.75265,FTX,2020-11-17 22:06:21
12,17530.5,0.1258,9.9728,2205.3369,174894.08955,FTX,2020-11-17 22:06:21
13,17530.0,0.1479,10.1207,2592.687,177486.77655,FTX,2020-11-17 22:06:21
14,17527.0,0.1183,10.239,2073.4441,179560.22065,FTX,2020-11-17 22:06:21
15,17526.0,0.3351,10.5741,5872.9626,185433.18325,FTX,2020-11-17 22:06:21
16,17525.5,0.2663,10.8404,4667.04065,190100.2239,FTX,2020-11-17 22:06:21
17,17524.5,0.4272,11.2676,7486.4664,197586.6903,FTX,2020-11-17 22:06:21
18,17522.5,0.763,12.0306,13369.6675,210956.3578,FTX,2020-11-17 22:06:21
19,17521.5,95.8323,110.3246,1679125.64445,1933287.2706,FTXUS,2020-11-17 22:06:21
0,17547.0,0.01,0.01,175.47,175.47,FTX,2020-11-17 22:06:30
1,17542.0,0.0285,0.0385,499.947,675.417,FTX,2020-11-17 22:06:30
2,17541.5,0.0999,0.1384,1752.39585,2427.81285,FTX,2020-11-17 22:06:30
3,17541.0,0.01,0.1484,175.41,2603.22285,FTX,2020-11-17 22:06:30
4,17538.5,0.1424,0.2908,2497.4824,5100.70525,FTX,2020-11-17 22:06:30
5,17538.0,13.7048,13.7048,240354.7824,240354.7824,FTXUS,2020-11-17 22:06:30
6,17537.5,8.8347,9.1255,154938.55125,160039.2565,FTX,2020-11-17 22:06:30
7,17537.0,0.0592,9.1847,1038.1904,161077.4469,FTX,2020-11-17 22:06:30
8,17536.0,0.0888,9.2735,1557.1968,162634.6437,FTX,2020-11-17 22:06:30
9,17535.5,0.4447,9.7182,7798.03685,170432.68055,FTX,2020-11-17 22:06:30
10,17534.5,0.1258,9.844,2205.8401,172638.52065,FTX,2020-11-17 22:06:30
11,17534.0,0.4271,10.2711,7488.7714,180127.29205,FTX,2020-11-17 22:06:30
12,17533.5,0.0888,10.3599,1556.9748,181684.26685,FTX,2020-11-17 22:06:30
13,17533.0,0.8895,11.2494,15595.6035,197279.87035,FTX,2020-11-17 22:06:30
14,17531.5,0.1184,11.3678,2075.7296,199355.59995,FTX,2020-11-17 22:06:30
15,17531.0,71.2989,85.0037,1249941.0159,1490295.7983,FTXUS,2020-11-17 22:06:30
16,17531.0,0.717,12.0848,12569.727,211925.32695,FTX,2020-11-17 22:06:30
17,17530.0,0.78,12.8648,13673.4,225598.72695,FTX,2020-11-17 22:06:30
18,17525.5,0.0194,12.8842,339.9947,225938.72165,FTX,2020-11-17 22:06:30
19,17525.0,0.8541,13.7383,14968.1025,240906.82415,FTX,2020-11-17 22:06:30
0,17547.0,0.01,0.01,175.47,175.47,FTX,2020-11-17 22:06:31
1,17542.0,0.0285,0.0385,499.947,675.417,FTX,2020-11-17 22:06:31
2,17542.0,15.2663,15.2663,267801.4346,267801.4346,FTXUS,2020-11-17 22:06:31
3,17541.5,0.0999,0.1384,1752.39585,2427.81285,FTX,2020-11-17 22:06:31
4,17541.0,0.01,0.1484,175.41,2603.22285,FTX,2020-11-17 22:06:31
5,17538.5,0.1424,0.2908,2497.4824,5100.70525,FTX,2020-11-17 22:06:31
6,17537.5,8.8347,9.1255,154938.55125,160039.2565,FTX,2020-11-17 22:06:31
7,17537.0,0.0592,9.1847,1038.1904,161077.4469,FTX,2020-11-17 22:06:31
8,17536.0,0.0888,9.2735,1557.1968,162634.6437,FTX,2020-11-17 22:06:31
9,17535.5,0.4447,9.7182,7798.03685,170432.68055,FTX,2020-11-17 22:06:31
10,17534.5,0.1258,9.844,2205.8401,172638.52065,FTX,2020-11-17 22:06:31
11,17534.0,0.4271,10.2711,7488.7714,180127.29205,FTX,2020-11-17 22:06:31
12,17533.5,0.0888,10.3599,1556.9748,181684.26685,FTX,2020-11-17 22:06:31
13,17533.0,0.8895,11.2494,15595.6035,197279.87035,FTX,2020-11-17 22:06:31
14,17531.5,0.1184,11.3678,2075.7296,199355.59995,FTX,2020-11-17 22:06:31
15,17531.0,0.717,12.0848,12569.727,211925.32695,FTX,2020-11-17 22:06:31
16,17531.0,71.2989,86.5652,1249941.0159,1517742.4505,FTXUS,2020-11-17 22:06:31
17,17530.0,0.78,12.8648,13673.4,225598.72695,FTX,2020-11-17 22:06:31
18,17525.5,0.0194,12.8842,339.9947,225938.72165,FTX,2020-11-17 22:06:31
19,17525.0,0.8541,13.7383,14968.1025,240906.82415,FTX,2020-11-17 22:06:31
0,17547.0,0.01,0.01,175.47,175.47,FTX,2020-11-17 22:06:35
1,17545.0,0.0285,0.0385,500.0325,675.5025,FTX,2020-11-17 22:06:35
2,17544.5,0.1099,0.1484,1928.14055,2603.64305,FTX,2020-11-17 22:06:35
3,17544.0,17.9191,18.0675,314372.6904,316976.33345,FTX,2020-11-17 22:06:35
4,17542.5,0.1424,18.2099,2498.052,319474.38545,FTX,2020-11-17 22:06:35
5,17542.0,0.017,18.2269,298.214,319772.59945,FTX,2020-11-17 22:06:35
6,17540.0,0.715,18.9419,12541.1,332313.69945,FTX,2020-11-17 22:06:35
7,17538.5,0.0296,18.9715,519.1396,332832.83905,FTX,2020-11-17 22:06:35
8,17538.0,0.427,19.3985,7488.726,340321.56505,FTX,2020-11-17 22:06:35
9,17537.5,8.8347,28.2332,154938.55125,495260.1163,FTX,2020-11-17 22:06:35
10,17537.0,0.5039,28.7371,8836.8943,504097.0106,FTX,2020-11-17 22:06:35
11,17536.5,0.0073,28.7444,128.01645,504225.02705,FTX,2020-11-17 22:06:35
12,17536.0,1.0433,29.7877,18295.3088,522520.33585,FTX,2020-11-17 22:06:35
13,17534.5,0.0888,29.8765,1557.0636,524077.39945,FTX,2020-11-17 22:06:35
14,17534.0,0.7343,0.7343,12875.2162,12875.2162,FTXUS,2020-11-17 22:06:35
15,17534.0,0.0592,29.9357,1038.0128,525115.41225,FTX,2020-11-17 22:06:35
16,17533.5,0.1184,30.0541,2075.9664,527191.37865,FTX,2020-11-17 22:06:35
17,17532.5,0.7104,30.7645,12455.088,539646.46665,FTX,2020-11-17 22:06:35
18,17531.5,0.0097,30.7742,170.05555,539816.5222,FTX,2020-11-17 22:06:35
19,17531.0,71.2989,72.0332,1249941.0159,1262816.2321,FTXUS,2020-11-17 22:06:35
0,17547.0,0.01,0.01,175.47,175.47,FTX,2020-11-17 22:06:36
1,17545.0,0.0285,0.0385,500.0325,675.5025,FTX,2020-11-17 22:06:36
2,17544.5,0.1099,0.1484,1928.14055,2603.64305,FTX,2020-11-17 22:06:36
3,17544.0,17.9191,18.0675,314372.6904,316976.33345,FTX,2020-11-17 22:06:36
4,17542.5,0.1424,18.2099,2498.052,319474.38545,FTX,2020-11-17 22:06:36
5,17542.0,0.017,18.2269,298.214,319772.59945,FTX,2020-11-17 22:06:36
6,17541.0,11.9476,11.9476,209572.8516,209572.8516,FTXUS,2020-11-17 22:06:36
7,17540.0,0.715,18.9419,12541.1,332313.69945,FTX,2020-11-17 22:06:36
8,17538.5,0.0296,18.9715,519.1396,332832.83905,FTX,2020-11-17 22:06:36
9,17538.5,0.6519,12.5995,11433.34815,221006.19975,FTXUS,2020-11-17 22:06:36
10,17538.0,0.427,19.3985,7488.726,340321.56505,FTX,2020-11-17 22:06:36
11,17537.5,8.8347,28.2332,154938.55125,495260.1163,FTX,2020-11-17 22:06:36
12,17537.0,0.5039,28.7371,8836.8943,504097.0106,FTX,2020-11-17 22:06:36
13,17536.5,0.0073,28.7444,128.01645,504225.02705,FTX,2020-11-17 22:06:36
14,17536.0,1.0433,29.7877,18295.3088,522520.33585,FTX,2020-11-17 22:06:36
15,17534.5,0.0888,29.8765,1557.0636,524077.39945,FTX,2020-11-17 22:06:36
16,17534.0,0.0592,29.9357,1038.0128,525115.41225,FTX,2020-11-17 22:06:36
17,17533.5,0.1184,30.0541,2075.9664,527191.37865,FTX,2020-11-17 22:06:36
18,17532.5,0.7104,30.7645,12455.088,539646.46665,FTX,2020-11-17 22:06:36
19,17531.5,0.0097,30.7742,170.05555,539816.5222,FTX,2020-11-17 22:06:36
0,17552.0,0.1099,0.1099,1928.9648,1928.9648,FTX,2020-11-17 22:06:40
1,17550.5,0.0285,0.1384,500.18925,2429.15405,FTX,2020-11-17 22:06:40
2,17550.0,0.01,0.1484,175.5,2604.65405,FTX,2020-11-17 22:06:40
3,17548.0,0.1423,0.2907,2497.0804,5101.73445,FTX,2020-11-17 22:06:40
4,17546.5,12.8254,12.8254,225040.8811,225040.8811,FTXUS,2020-11-17 22:06:40
5,17544.5,0.1063,0.397,1864.98035,6966.7148,FTX,2020-11-17 22:06:40
6,17544.5,17.736,30.5614,311169.252,536210.1331,FTXUS,2020-11-17 22:06:40
7,17544.0,0.4269,0.8239,7489.5336,14456.2484,FTX,2020-11-17 22:06:40
8,17542.5,0.7514,31.3128,13181.4345,549391.5676,FTXUS,2020-11-17 22:06:40
9,17542.0,0.017,0.8409,298.214,14754.4624,FTX,2020-11-17 22:06:40
10,17541.0,0.4447,1.2856,7800.4827,22554.9451,FTX,2020-11-17 22:06:40
11,17540.5,0.0073,1.2929,128.04565,22682.99075,FTX,2020-11-17 22:06:40
12,17540.0,1.6045,2.8974,28142.93,50825.92075,FTX,2020-11-17 22:06:40
13,17539.5,12.2202,15.1176,214336.1979,265162.11865,FTX,2020-11-17 22:06:40
14,17539.0,0.0592,15.1768,1038.3088,266200.42745,FTX,2020-11-17 22:06:40
15,17536.5,0.0888,15.2656,1557.2412,267757.66865,FTX,2020-11-17 22:06:40
16,17535.5,0.0097,15.2753,170.09435,267927.763,FTX,2020-11-17 22:06:40
17,17534.5,1.1792,16.4545,20676.6824,288604.4454,FTX,2020-11-17 22:06:40
18,17533.5,0.1184,16.5729,2075.9664,290680.4118,FTX,2020-11-17 22:06:40
19,17532.5,0.3849,16.9578,6748.25925,297428.67105,FTX,2020-11-17 22:06:40
0,17555.0,0.01,0.01,175.55,175.55,FTX,2020-11-17 22:06:41
1,17551.0,0.1999,0.2099,3508.4449,3683.9949,FTX,2020-11-17 22:06:41
2,17550.5,0.0285,0.2384,500.18925,4184.18415,FTX,2020-11-17 22:06:41
3,17550.0,0.01,0.2484,175.5,4359.68415,FTX,2020-11-17 22:06:41
4,17548.5,0.125,0.3734,2193.5625,6553.24665,FTX,2020-11-17 22:06:41
5,17548.0,0.1423,0.5157,2497.0804,9050.32705,FTX,2020-11-17 22:06:41
6,17546.5,12.8254,12.8254,225040.8811,225040.8811,FTXUS,2020-11-17 22:06:41
7,17544.5,17.736,30.5614,311169.252,536210.1331,FTXUS,2020-11-17 22:06:41
8,17544.5,0.1063,0.622,1864.98035,10915.3074,FTX,2020-11-17 22:06:41
9,17544.0,0.4269,1.0489,7489.5336,18404.841,FTX,2020-11-17 22:06:41
10,17542.5,0.7514,31.3128,13181.4345,549391.5676,FTXUS,2020-11-17 22:06:41
11,17542.5,0.1,1.1489,1754.25,20159.091,FTX,2020-11-17 22:06:41
12,17542.0,0.017,1.1659,298.214,20457.305,FTX,2020-11-17 22:06:41
13,17541.5,8.7122,9.8781,152825.0563,173282.3613,FTX,2020-11-17 22:06:41
14,17541.0,0.4447,10.3228,7800.4827,181082.844,FTX,2020-11-17 22:06:41
15,17540.0,0.7743,11.0971,13581.222,194664.066,FTX,2020-11-17 22:06:41
16,17539.0,0.0888,11.1859,1557.4632,196221.5292,FTX,2020-11-17 22:06:41
17,17537.5,0.0097,11.1956,170.11375,196391.64295,FTX,2020-11-17 22:06:41
18,17537.0,0.2369,11.4325,4154.5153,200546.15825,FTX,2020-11-17 22:06:41
19,17536.5,0.2664,11.6989,4671.7236,205217.88185,FTX,2020-11-17 22:06:41
0,17552.0,0.01,0.01,175.52,175.52,FTX,2020-11-17 22:06:45
1,17550.5,0.0285,0.0385,500.18925,675.70925,FTX,2020-11-17 22:06:45
2,17549.0,0.1999,0.2384,3508.0451,4183.75435,FTX,2020-11-17 22:06:45
3,17548.5,0.135,0.3734,2369.0475,6552.80185,FTX,2020-11-17 22:06:45
4,17546.5,12.8254,12.8254,225040.8811,225040.8811,FTXUS,2020-11-17 22:06:45
5,17545.5,0.1423,0.5157,2496.72465,9049.5265,FTX,2020-11-17 22:06:45
6,17544.5,0.1063,0.622,1864.98035,10914.50685,FTX,2020-11-17 22:06:45
7,17544.0,0.4269,1.0489,7489.5336,18404.04045,FTX,2020-11-17 22:06:45
8,17542.5,0.7514,13.5768,13181.4345,238222.3156,FTXUS,2020-11-17 22:06:45
9,17542.5,0.1,1.1489,1754.25,20158.29045,FTX,2020-11-17 22:06:45
10,17542.0,0.017,1.1659,298.214,20456.50445,FTX,2020-11-17 22:06:45
11,17541.5,8.7418,9.9077,153344.2847,173800.78915,FTX,2020-11-17 22:06:45
12,17541.0,0.0592,9.9669,1038.4272,174839.21635,FTX,2020-11-17 22:06:45
13,17540.0,0.715,10.6819,12541.1,187380.31635,FTX,2020-11-17 22:06:45
14,17539.5,0.0073,10.6892,128.03835,187508.3547,FTX,2020-11-17 22:06:45
15,17539.0,0.0888,10.778,1557.4632,189065.8179,FTX,2020-11-17 22:06:45
16,17538.0,0.4447,11.2227,7799.1486,196864.9665,FTX,2020-11-17 22:06:45
17,17537.5,0.8895,12.1122,15599.60625,212464.57275,FTX,2020-11-17 22:06:45
18,17537.0,0.2369,12.3491,4154.5153,216619.08805,FTX,2020-11-17 22:06:45
19,17536.5,0.2664,12.6155,4671.7236,221290.81165,FTX,2020-11-17 22:06:45
0,17552.0,0.01,0.01,175.52,175.52,FTX,2020-11-17 22:06:46
1,17550.5,0.0285,0.0385,500.18925,675.70925,FTX,2020-11-17 22:06:46
2,17549.0,0.1999,0.2384,3508.0451,4183.75435,FTX,2020-11-17 22:06:46
3,17548.5,0.135,0.3734,2369.0475,6552.80185,FTX,2020-11-17 22:06:46
4,17545.5,0.1423,0.5157,2496.72465,9049.5265,FTX,2020-11-17 22:06:46
5,17544.5,0.1063,0.622,1864.98035,10914.50685,FTX,2020-11-17 22:06:46
6,17544.0,0.4269,1.0489,7489.5336,18404.04045,FTX,2020-11-17 22:06:46
7,17542.5,0.1,1.1489,1754.25,20158.29045,FTX,2020-11-17 22:06:46
8,17542.0,0.017,1.1659,298.214,20456.50445,FTX,2020-11-17 22:06:46
9,17541.5,8.7418,9.9077,153344.2847,173800.78915,FTX,2020-11-17 22:06:46
10,17541.0,0.0592,9.9669,1038.4272,174839.21635,FTX,2020-11-17 22:06:46
11,17540.0,0.715,10.6819,12541.1,187380.31635,FTX,2020-11-17 22:06:46
12,17539.5,0.0073,10.6892,128.03835,187508.3547,FTX,2020-11-17 22:06:46
13,17539.0,0.0888,10.778,1557.4632,189065.8179,FTX,2020-11-17 22:06:46
14,17538.5,0.9004,0.9004,15791.6654,15791.6654,FTXUS,2020-11-17 22:06:46
15,17538.0,0.4447,11.2227,7799.1486,196864.9665,FTX,2020-11-17 22:06:46
16,17537.5,0.8895,12.1122,15599.60625,212464.57275,FTX,2020-11-17 22:06:46
17,17537.0,0.2369,12.3491,4154.5153,216619.08805,FTX,2020-11-17 22:06:46
18,17536.5,0.2664,12.6155,4671.7236,221290.81165,FTX,2020-11-17 22:06:46
19,17535.0,0.0097,12.6252,170.0895,221460.90115,FTX,2020-11-17 22:06:46
0,17550.5,0.0285,0.0285,500.18925,500.18925,FTX,2020-11-17 22:06:46
1,17547.0,0.01,0.0385,175.47,675.65925,FTX,2020-11-17 22:06:46
2,17545.5,0.1423,0.1808,2496.72465,3172.3839,FTX,2020-11-17 22:06:46
3,17544.5,0.01,0.1908,175.445,3347.8289,FTX,2020-11-17 22:06:46
4,17544.0,0.4269,0.6177,7489.5336,10837.3625,FTX,2020-11-17 22:06:46
5,17543.5,0.3249,0.9426,5699.88315,16537.24565,FTX,2020-11-17 22:06:46
6,17542.0,0.017,0.9596,298.214,16835.45965,FTX,2020-11-17 22:06:46
7,17541.5,8.653,9.6126,151786.5995,168622.05915,FTX,2020-11-17 22:06:46
8,17540.0,0.1005,9.7131,1762.77,170384.82915,FTX,2020-11-17 22:06:46
9,17539.5,0.0592,9.7723,1038.3384,171423.16755,FTX,2020-11-17 22:06:46
10,17539.0,0.0888,9.8611,1557.4632,172980.63075,FTX,2020-11-17 22:06:46
11,17538.5,0.9004,0.9004,15791.6654,15791.6654,FTXUS,2020-11-17 22:06:46
12,17537.5,0.0073,9.8684,128.02375,173108.6545,FTX,2020-11-17 22:06:46
13,17537.0,0.2369,10.1053,4154.5153,177263.1698,FTX,2020-11-17 22:06:46
14,17536.5,0.2664,10.3717,4671.7236,181934.8934,FTX,2020-11-17 22:06:46
15,17536.0,0.4447,10.8164,7798.2592,189733.1526,FTX,2020-11-17 22:06:46
16,17535.5,0.8895,11.7059,15597.82725,205330.97985,FTX,2020-11-17 22:06:46
17,17534.5,0.8537,12.5596,14969.20265,220300.1825,FTX,2020-11-17 22:06:46
18,17532.5,0.3254,12.885,5705.0755,226005.258,FTX,2020-11-17 22:06:46
19,17531.0,71.2989,72.1993,1249941.0159,1265732.6813,FTXUS,2020-11-17 22:06:46
0,17546.0,0.01,0.01,175.46,175.46,FTX,2020-11-17 22:06:50
1,17544.5,0.0285,0.0385,500.01825,675.47825,FTX,2020-11-17 22:06:50
2,17544.0,17.1046,17.1431,300083.1024,300758.58065,FTX,2020-11-17 22:06:50
3,17543.5,0.125,17.2681,2192.9375,302951.51815,FTX,2020-11-17 22:06:50
4,17542.0,0.1694,17.4375,2971.6148,305923.13295,FTX,2020-11-17 22:06:50
5,17540.5,50.058,50.058,878042.349,878042.349,FTXUS,2020-11-17 22:06:50
6,17540.0,0.1999,17.6374,3506.246,309429.37895,FTX,2020-11-17 22:06:50
7,17539.5,11.797,29.4344,206913.4815,516342.86045,FTX,2020-11-17 22:06:50
8,17537.5,0.0592,29.4936,1038.22,517381.08045,FTX,2020-11-17 22:06:50
9,17537.0,0.2369,29.7305,4154.5153,521535.59575,FTX,2020-11-17 22:06:50
10,17536.5,0.296,30.0265,5190.804,526726.39975,FTX,2020-11-17 22:06:50
11,17536.5,0.6117,50.6697,10727.07705,888769.42605,FTXUS,2020-11-17 22:06:50
12,17536.0,0.4447,30.4712,7798.2592,534524.65895,FTX,2020-11-17 22:06:50
13,17535.5,0.8895,31.3607,15597.82725,550122.4862,FTX,2020-11-17 22:06:50
14,17535.0,0.0888,31.4495,1557.108,551679.5942,FTX,2020-11-17 22:06:50
15,17534.0,0.1098,31.5593,1925.2332,553604.8274,FTX,2020-11-17 22:06:50
16,17532.5,0.3254,31.8847,5705.0755,559309.9029,FTX,2020-11-17 22:06:50
17,17530.0,0.78,32.6647,13673.4,572983.3029,FTX,2020-11-17 22:06:50
18,17530.0,95.8737,146.5434,1680665.961,2569435.38705,FTXUS,2020-11-17 22:06:50
19,17528.5,0.854,33.5187,14969.339,587952.6419,FTX,2020-11-17 22:06:50
0,17545.5,0.2284,0.2284,4007.3922,4007.3922,FTX,2020-11-17 22:06:50
1,17545.0,22.9691,23.1975,402992.8595,407000.2517,FTX,2020-11-17 22:06:50
2,17544.0,17.1046,40.3021,300083.1024,707083.3541,FTX,2020-11-17 22:06:50
3,17543.5,0.125,40.4271,2192.9375,709276.2916,FTX,2020-11-17 22:06:50
4,17542.0,0.1424,40.5695,2497.9808,711774.2724,FTX,2020-11-17 22:06:50
5,17540.5,50.058,50.058,878042.349,878042.349,FTXUS,2020-11-17 22:06:50
6,17539.5,11.797,52.3665,206913.4815,918687.7539,FTX,2020-11-17 22:06:50
7,17538.5,0.1636,52.5301,2869.2986,921557.0525,FTX,2020-11-17 22:06:50
8,17538.0,0.0073,52.5374,128.0274,921685.0799,FTX,2020-11-17 22:06:50
9,17537.5,0.8592,53.3966,15068.22,936753.2999,FTX,2020-11-17 22:06:50
10,17537.0,0.3369,53.7335,5908.2153,942661.5152,FTX,2020-11-17 22:06:50
11,17536.5,0.6117,50.6697,10727.07705,888769.42605,FTXUS,2020-11-17 22:06:50
12,17536.5,0.296,54.0295,5190.804,947852.3192,FTX,2020-11-17 22:06:50
13,17536.0,0.4447,54.4742,7798.2592,955650.5784,FTX,2020-11-17 22:06:50
14,17535.5,0.8895,55.3637,15597.82725,971248.40565,FTX,2020-11-17 22:06:50
15,17535.0,0.0888,55.4525,1557.108,972805.51365,FTX,2020-11-17 22:06:50
16,17533.0,0.0097,55.4622,170.0701,972975.58375,FTX,2020-11-17 22:06:50
17,17532.5,0.3254,55.7876,5705.0755,978680.65925,FTX,2020-11-17 22:06:50
18,17530.0,95.8737,146.5434,1680665.961,2569435.38705,FTXUS,2020-11-17 22:06:50
19,17530.0,0.78,56.5676,13673.4,992354.05925,FTX,2020-11-17 22:06:50
0,17550.0,0.01,0.01,175.5,175.5,FTX,2020-11-17 22:06:55
1,17548.0,0.1999,0.2099,3507.8452,3683.3452,FTX,2020-11-17 22:06:55
2,17547.5,0.01,0.2199,175.475,3858.8202,FTX,2020-11-17 22:06:55
3,17546.0,0.1423,0.3622,2496.7958,6355.616,FTX,2020-11-17 22:06:55
4,17545.0,22.9691,23.3313,402992.8595,409348.4755,FTX,2020-11-17 22:06:55
5,17543.5,0.125,23.4563,2192.9375,411541.413,FTX,2020-11-17 22:06:55
6,17542.5,0.4269,23.8832,7488.89325,419030.30625,FTX,2020-11-17 22:06:55
7,17541.0,19.6587,19.6587,344833.2567,344833.2567,FTXUS,2020-11-17 22:06:55
8,17540.5,50.058,69.7167,878042.349,1222875.6057,FTXUS,2020-11-17 22:06:55
9,17540.5,0.0592,23.9424,1038.3976,420068.70385,FTX,2020-11-17 22:06:55
10,17540.0,0.0592,24.0016,1038.368,421107.07185,FTX,2020-11-17 22:06:55
11,17539.5,0.0073,24.0089,128.03835,421235.1102,FTX,2020-11-17 22:06:55
12,17539.0,0.0296,24.0385,519.1544,421754.2646,FTX,2020-11-17 22:06:55
13,17538.5,0.1636,24.2021,2869.2986,424623.5632,FTX,2020-11-17 22:06:55
14,17538.0,0.2369,24.439,4154.7522,428778.3154,FTX,2020-11-17 22:06:55
15,17537.5,1.0663,25.5053,18700.23625,447478.55165,FTX,2020-11-17 22:06:55
16,17537.0,12.4401,37.9454,218162.0337,665640.58535,FTX,2020-11-17 22:06:55
17,17536.5,0.6117,70.3284,10727.07705,1233602.68275,FTXUS,2020-11-17 22:06:55
18,17536.5,0.0888,38.0342,1557.2412,667197.82655,FTX,2020-11-17 22:06:55
19,17534.0,0.0097,38.0439,170.0798,667367.90635,FTX,2020-11-17 22:06:55
0,17547.5,0.01,0.01,175.475,175.475,FTX,2020-11-17 22:07:01
1,17545.5,0.2099,0.2199,3682.80045,3858.27545,FTX,2020-11-17 22:07:01
2,17545.0,22.1716,22.3915,389000.722,392858.99745,FTX,2020-11-17 22:07:01
3,17544.0,0.1424,22.5339,2498.2656,395357.26305,FTX,2020-11-17 22:07:01
4,17543.5,19.3344,19.3344,339193.0464,339193.0464,FTXUS,2020-11-17 22:07:01
5,17543.5,0.125,22.6589,2192.9375,397550.20055,FTX,2020-11-17 22:07:01
6,17542.5,0.4269,23.0858,7488.89325,405039.0938,FTX,2020-11-17 22:07:01
7,17540.5,50.058,69.3924,878042.349,1217235.3954,FTXUS,2020-11-17 22:07:01
8,17540.5,0.0592,23.145,1038.3976,406077.4914,FTX,2020-11-17 22:07:01
9,17539.5,8.8886,32.0336,155901.5997,561979.0911,FTX,2020-11-17 22:07:01
10,17538.5,0.1636,32.1972,2869.2986,564848.3897,FTX,2020-11-17 22:07:01
11,17538.0,0.1777,32.3749,3116.5026,567964.8923,FTX,2020-11-17 22:07:01
12,17537.5,1.0663,33.4412,18700.23625,586665.12855,FTX,2020-11-17 22:07:01
13,17537.0,0.5743,34.0155,10071.4991,596736.62765,FTX,2020-11-17 22:07:01
14,17536.5,0.6117,70.0041,10727.07705,1227962.47245,FTXUS,2020-11-17 22:07:01
15,17536.5,1.0967,35.1122,19232.27955,615968.9072,FTX,2020-11-17 22:07:01
16,17534.0,0.0073,35.1195,127.9982,616096.9054,FTX,2020-11-17 22:07:01
17,17533.5,1.1793,36.2988,20677.25655,636774.16195,FTX,2020-11-17 22:07:01
18,17530.5,0.0097,36.3085,170.04585,636944.2078,FTX,2020-11-17 22:07:01
19,17530.0,95.8737,165.8778,1680665.961,2908628.43345,FTXUS,2020-11-17 22:07:01
0,17547.5,0.01,0.01,175.475,175.475,FTX,2020-11-17 22:07:01
1,17545.5,0.2099,0.2199,3682.80045,3858.27545,FTX,2020-11-17 22:07:01
2,17545.0,22.1716,22.3915,389000.722,392858.99745,FTX,2020-11-17 22:07:01
3,17544.0,0.1424,22.5339,2498.2656,395357.26305,FTX,2020-11-17 22:07:01
4,17543.5,0.125,22.6589,2192.9375,397550.20055,FTX,2020-11-17 22:07:01
5,17542.5,0.4269,23.0858,7488.89325,405039.0938,FTX,2020-11-17 22:07:01
6,17540.5,0.0592,23.145,1038.3976,406077.4914,FTX,2020-11-17 22:07:01
7,17540.5,50.058,50.058,878042.349,878042.349,FTXUS,2020-11-17 22:07:01
8,17539.5,8.8886,32.0336,155901.5997,561979.0911,FTX,2020-11-17 22:07:01
9,17538.5,0.1636,32.1972,2869.2986,564848.3897,FTX,2020-11-17 22:07:01
10,17538.0,0.1777,32.3749,3116.5026,567964.8923,FTX,2020-11-17 22:07:01
11,17537.5,1.0663,33.4412,18700.23625,586665.12855,FTX,2020-11-17 22:07:01
12,17537.0,0.5743,34.0155,10071.4991,596736.62765,FTX,2020-11-17 22:07:01
13,17536.5,1.0967,35.1122,19232.27955,615968.9072,FTX,2020-11-17 22:07:01
14,17536.5,0.6117,50.6697,10727.07705,888769.42605,FTXUS,2020-11-17 22:07:01
15,17534.0,0.0073,35.1195,127.9982,616096.9054,FTX,2020-11-17 22:07:01
16,17533.5,1.1793,36.2988,20677.25655,636774.16195,FTX,2020-11-17 22:07:01
17,17530.5,0.0097,36.3085,170.04585,636944.2078,FTX,2020-11-17 22:07:01
18,17530.0,0.78,37.0885,13673.4,650617.6078,FTX,2020-11-17 22:07:01
19,17530.0,95.8737,146.5434,1680665.961,2569435.38705,FTXUS,2020-11-17 22:07:01
0,17546.0,23.132,23.132,405874.072,405874.072,FTX,2020-11-17 22:07:06
1,17545.5,0.01,23.142,175.455,406049.527,FTX,2020-11-17 22:07:06
2,17545.0,0.017,23.159,298.265,406347.792,FTX,2020-11-17 22:07:06
3,17542.5,0.0285,23.1875,499.96125,406847.75325,FTX,2020-11-17 22:07:06
4,17542.0,0.01,23.1975,175.42,407023.17325,FTX,2020-11-17 22:07:06
5,17541.5,0.3423,23.5398,6004.45545,413027.6287,FTX,2020-11-17 22:07:06
6,17541.0,0.125,23.6648,2192.625,415220.2537,FTX,2020-11-17 22:07:06
7,17540.5,50.058,50.058,878042.349,878042.349,FTXUS,2020-11-17 22:07:06
8,17539.5,8.8886,32.5534,155901.5997,571121.8534,FTX,2020-11-17 22:07:06
9,17539.0,0.0592,32.6126,1038.3088,572160.1622,FTX,2020-11-17 22:07:06
10,17538.5,0.4271,33.0397,7490.69335,579650.85555,FTX,2020-11-17 22:07:06
11,17538.0,0.1777,33.2174,3116.5026,582767.35815,FTX,2020-11-17 22:07:06
12,17537.5,0.2663,33.4837,4670.23625,587437.5944,FTX,2020-11-17 22:07:06
13,17537.0,0.4447,33.9284,7798.7039,595236.2983,FTX,2020-11-17 22:07:06
14,17536.5,0.6117,50.6697,10727.07705,888769.42605,FTXUS,2020-11-17 22:07:06
15,17536.5,1.0079,34.9363,17675.03835,612911.33665,FTX,2020-11-17 22:07:06
16,17535.0,0.0369,34.9732,647.0415,613558.37815,FTX,2020-11-17 22:07:06
17,17534.5,0.2202,35.1934,3861.0969,617419.47505,FTX,2020-11-17 22:07:06
18,17533.5,0.3255,35.5189,5707.15425,623126.6293,FTX,2020-11-17 22:07:06
19,17530.5,0.0097,35.5286,170.04585,623296.67515,FTX,2020-11-17 22:07:06
0,17545.5,0.01,0.01,175.455,175.455,FTX,2020-11-17 22:07:11
1,17543.0,0.1999,0.2099,3506.8457,3682.3007,FTX,2020-11-17 22:07:11
2,17541.5,0.1424,0.3523,2497.9096,6180.2103,FTX,2020-11-17 22:07:11
3,17541.0,0.135,0.4873,2368.035,8548.2453,FTX,2020-11-17 22:07:11
4,17540.5,50.058,50.058,878042.349,878042.349,FTXUS,2020-11-17 22:07:11
5,17539.5,8.8886,9.3759,155901.5997,164449.845,FTX,2020-11-17 22:07:11
6,17539.0,0.0592,9.4351,1038.3088,165488.1538,FTX,2020-11-17 22:07:11
7,17538.5,0.4271,9.8622,7490.69335,172978.84715,FTX,2020-11-17 22:07:11
8,17538.0,0.1777,10.0399,3116.5026,176095.34975,FTX,2020-11-17 22:07:11
9,17537.5,0.2663,10.3062,4670.23625,180765.586,FTX,2020-11-17 22:07:11
10,17537.0,0.4447,10.7509,7798.7039,188564.2899,FTX,2020-11-17 22:07:11
11,17536.5,1.0079,11.7588,17675.03835,206239.32825,FTX,2020-11-17 22:07:11
12,17536.5,0.6117,50.6697,10727.07705,888769.42605,FTXUS,2020-11-17 22:07:11
13,17535.0,0.0296,11.7884,519.036,206758.36425,FTX,2020-11-17 22:07:11
14,17534.5,0.2202,12.0086,3861.0969,210619.46115,FTX,2020-11-17 22:07:11
15,17534.0,0.0073,12.0159,127.9982,210747.45935,FTX,2020-11-17 22:07:11
16,17533.5,0.3255,12.3414,5707.15425,216454.6136,FTX,2020-11-17 22:07:11
17,17530.0,0.78,13.1214,13673.4,230128.0136,FTX,2020-11-17 22:07:11
18,17530.0,95.8737,146.5434,1680665.961,2569435.38705,FTXUS,2020-11-17 22:07:11
19,17528.5,0.0097,13.1311,170.02645,230298.04005,FTX,2020-11-17 22:07:11
0,17543.0,0.0385,0.0385,675.4055,675.4055,FTX,2020-11-17 22:07:16
1,17542.5,0.017,0.0555,298.2225,973.628,FTX,2020-11-17 22:07:16
2,17541.0,0.2674,0.3229,4690.4634,5664.0914,FTX,2020-11-17 22:07:16
3,17540.5,50.058,50.058,878042.349,878042.349,FTXUS,2020-11-17 22:07:16
4,17539.5,8.8886,9.2115,155901.5997,161565.6911,FTX,2020-11-17 22:07:16
5,17539.0,0.0592,9.2707,1038.3088,162603.9999,FTX,2020-11-17 22:07:16
6,17538.5,0.4271,9.6978,7490.69335,170094.69325,FTX,2020-11-17 22:07:16
7,17538.0,0.1777,9.8755,3116.5026,173211.19585,FTX,2020-11-17 22:07:16
8,17537.5,0.2663,10.1418,4670.23625,177881.4321,FTX,2020-11-17 22:07:16
9,17537.0,0.4447,10.5865,7798.7039,185680.136,FTX,2020-11-17 22:07:16
10,17536.5,0.6117,50.6697,10727.07705,888769.42605,FTXUS,2020-11-17 22:07:16
11,17536.5,0.1184,10.7049,2076.3216,187756.4576,FTX,2020-11-17 22:07:16
12,17535.0,0.0296,10.7345,519.036,188275.4936,FTX,2020-11-17 22:07:16
13,17534.5,0.2202,10.9547,3861.0969,192136.5905,FTX,2020-11-17 22:07:16
14,17533.5,0.3255,11.2802,5707.15425,197843.74475,FTX,2020-11-17 22:07:16
15,17530.0,95.8737,146.5434,1680665.961,2569435.38705,FTXUS,2020-11-17 22:07:16
16,17530.0,0.78,12.0602,13673.4,211517.14475,FTX,2020-11-17 22:07:16
17,17528.0,0.8541,12.9143,14970.6648,226487.80955,FTX,2020-11-17 22:07:16
18,17526.5,109.4456,255.989,1918198.3084,4487633.69545,FTXUS,2020-11-17 22:07:16
19,17522.5,0.763,13.6773,13369.6675,239857.47705,FTX,2020-11-17 22:07:16
0,17546.5,0.01,0.01,175.465,175.465,FTX,2020-11-17 22:07:20
1,17545.5,0.1999,0.2099,3507.34545,3682.81045,FTX,2020-11-17 22:07:20
2,17544.5,0.1424,0.3523,2498.3368,6181.14725,FTX,2020-11-17 22:07:20
3,17544.0,17.6791,17.6791,310162.1304,310162.1304,FTXUS,2020-11-17 22:07:20
4,17543.5,0.0285,0.3808,499.98975,6681.137,FTX,2020-11-17 22:07:20
5,17542.5,0.017,0.3978,298.2225,6979.3595,FTX,2020-11-17 22:07:20
6,17541.5,0.427,0.8248,7490.2205,14469.58,FTX,2020-11-17 22:07:20
7,17541.0,0.125,0.9498,2192.625,16662.205,FTX,2020-11-17 22:07:20
8,17540.5,67.3627,85.0418,1181575.43935,1491737.56975,FTXUS,2020-11-17 22:07:20
9,17539.5,0.1282,1.078,2248.5639,18910.7689,FTX,2020-11-17 22:07:20
10,17539.0,0.0592,1.1372,1038.3088,19949.0777,FTX,2020-11-17 22:07:20
11,17538.5,11.7536,12.8908,206140.5136,226089.5913,FTX,2020-11-17 22:07:20
12,17538.0,0.9137,13.8045,16024.4706,242114.0619,FTX,2020-11-17 22:07:20
13,17537.5,0.2736,14.0781,4798.26,246912.3219,FTX,2020-11-17 22:07:20
14,17537.0,0.5631,14.6412,9875.0847,256787.4066,FTX,2020-11-17 22:07:20
15,17536.5,1.0622,86.104,18627.2703,1510364.84005,FTXUS,2020-11-17 22:07:20
16,17536.5,0.0296,14.6708,519.0804,257306.487,FTX,2020-11-17 22:07:20
17,17536.0,0.8895,15.5603,15598.272,272904.759,FTX,2020-11-17 22:07:20
18,17535.0,0.0888,15.6491,1557.108,274461.867,FTX,2020-11-17 22:07:20
19,17534.5,0.1,15.7491,1753.45,276215.317,FTX,2020-11-17 22:07:20
0,17549.0,0.01,0.01,175.49,175.49,FTX,2020-11-17 22:07:31
1,17547.5,0.01,0.02,175.475,350.965,FTX,2020-11-17 22:07:31
2,17545.5,0.964,0.984,16913.862,17264.827,FTX,2020-11-17 22:07:31
3,17545.0,0.2284,1.2124,4007.278,21272.105,FTX,2020-11-17 22:07:31
4,17544.5,0.1424,1.3548,2498.3368,23770.4418,FTX,2020-11-17 22:07:31
5,17544.0,17.6791,17.6791,310162.1304,310162.1304,FTXUS,2020-11-17 22:07:31
6,17542.5,0.017,1.3718,298.2225,24068.6643,FTX,2020-11-17 22:07:31
7,17541.5,0.427,1.7988,7490.2205,31558.8848,FTX,2020-11-17 22:07:31
8,17541.0,0.125,1.9238,2192.625,33751.5098,FTX,2020-11-17 22:07:31
9,17540.5,50.058,67.7371,878042.349,1188204.4794,FTXUS,2020-11-17 22:07:31
10,17540.5,13.0495,14.9733,228894.75475,262646.26455,FTX,2020-11-17 22:07:31
11,17539.5,0.1874,15.1607,3286.9023,265933.16685,FTX,2020-11-17 22:07:31
12,17539.0,0.0593,15.22,1040.0627,266973.22955,FTX,2020-11-17 22:07:31
13,17538.0,0.8545,16.0745,14986.221,281959.45055,FTX,2020-11-17 22:07:31
14,17537.5,0.2736,16.3481,4798.26,286757.71055,FTX,2020-11-17 22:07:31
15,17537.0,1.4526,17.8007,25474.2462,312231.95675,FTX,2020-11-17 22:07:31
16,17536.5,1.0622,68.7993,18627.2703,1206831.7497,FTXUS,2020-11-17 22:07:31
17,17536.0,0.0296,17.8303,519.0656,312751.02235,FTX,2020-11-17 22:07:31
18,17534.5,0.1,17.9303,1753.45,314504.47235,FTX,2020-11-17 22:07:31
19,17534.0,0.0888,18.0191,1557.0192,316061.49155,FTX,2020-11-17 22:07:31
0,17549.0,0.01,0.01,175.49,175.49,FTX,2020-11-17 22:07:31
1,17547.5,0.01,0.02,175.475,350.965,FTX,2020-11-17 22:07:31
2,17545.5,0.964,0.984,16913.862,17264.827,FTX,2020-11-17 22:07:31
3,17545.0,0.2284,1.2124,4007.278,21272.105,FTX,2020-11-17 22:07:31
4,17544.5,0.1424,1.3548,2498.3368,23770.4418,FTX,2020-11-17 22:07:31
5,17544.0,17.6791,17.6791,310162.1304,310162.1304,FTXUS,2020-11-17 22:07:31
6,17542.5,0.017,1.3718,298.2225,24068.6643,FTX,2020-11-17 22:07:31
7,17541.5,0.427,1.7988,7490.2205,31558.8848,FTX,2020-11-17 22:07:31
8,17541.0,0.125,1.9238,2192.625,33751.5098,FTX,2020-11-17 22:07:31
9,17540.5,13.0495,14.9733,228894.75475,262646.26455,FTX,2020-11-17 22:07:31
10,17540.5,50.9346,68.6137,893418.3513,1203580.4817,FTXUS,2020-11-17 22:07:31
11,17539.5,0.1874,15.1607,3286.9023,265933.16685,FTX,2020-11-17 22:07:31
12,17539.0,0.0593,15.22,1040.0627,266973.22955,FTX,2020-11-17 22:07:31
13,17538.0,0.8545,16.0745,14986.221,281959.45055,FTX,2020-11-17 22:07:31
14,17537.5,0.2736,16.3481,4798.26,286757.71055,FTX,2020-11-17 22:07:31
15,17537.0,1.4526,17.8007,25474.2462,312231.95675,FTX,2020-11-17 22:07:31
16,17536.0,0.0296,17.8303,519.0656,312751.02235,FTX,2020-11-17 22:07:31
17,17534.5,0.1,17.9303,1753.45,314504.47235,FTX,2020-11-17 22:07:31
18,17534.0,0.0888,18.0191,1557.0192,316061.49155,FTX,2020-11-17 22:07:31
19,17533.0,0.0097,18.0288,170.0701,316231.56165,FTX,2020-11-17 22:07:31
0,17547.5,0.01,0.01,175.475,175.475,FTX,2020-11-17 22:07:35
1,17547.0,0.01,0.02,175.47,350.945,FTX,2020-11-17 22:07:35
2,17545.0,0.2284,0.2484,4007.278,4358.223,FTX,2020-11-17 22:07:35
3,17544.5,0.1424,0.3908,2498.3368,6856.5598,FTX,2020-11-17 22:07:35
4,17544.0,17.6791,17.6791,310162.1304,310162.1304,FTXUS,2020-11-17 22:07:35
5,17542.5,0.017,0.4078,298.2225,7154.7823,FTX,2020-11-17 22:07:35
6,17541.5,0.427,0.8348,7490.2205,14645.0028,FTX,2020-11-17 22:07:35
7,17541.0,0.125,0.9598,2192.625,16837.6278,FTX,2020-11-17 22:07:35
8,17540.5,50.9346,68.6137,893418.3513,1203580.4817,FTXUS,2020-11-17 22:07:35
9,17540.5,13.0495,14.0093,228894.75475,245732.38255,FTX,2020-11-17 22:07:35
10,17539.5,0.1874,14.1967,3286.9023,249019.28485,FTX,2020-11-17 22:07:35
11,17539.0,0.0593,14.256,1040.0627,250059.34755,FTX,2020-11-17 22:07:35
12,17538.0,0.736,14.992,12907.968,262967.31555,FTX,2020-11-17 22:07:35
13,17537.5,0.2736,15.2656,4798.26,267765.57555,FTX,2020-11-17 22:07:35
14,17537.0,1.4526,16.7182,25474.2462,293239.82175,FTX,2020-11-17 22:07:35
15,17536.0,0.0296,16.7478,519.0656,293758.88735,FTX,2020-11-17 22:07:35
16,17535.0,0.0888,16.8366,1557.108,295315.99535,FTX,2020-11-17 22:07:35
17,17534.5,0.1,16.9366,1753.45,297069.44535,FTX,2020-11-17 22:07:35
18,17534.0,0.1186,17.0552,2079.5324,299148.97775,FTX,2020-11-17 22:07:35
19,17533.0,0.0097,17.0649,170.0701,299319.04785,FTX,2020-11-17 22:07:35
0,17547.5,0.01,0.01,175.475,175.475,FTX,2020-11-17 22:07:36
1,17547.0,0.01,0.02,175.47,350.945,FTX,2020-11-17 22:07:36
2,17545.0,0.2284,0.2484,4007.278,4358.223,FTX,2020-11-17 22:07:36
3,17544.5,0.1424,0.3908,2498.3368,6856.5598,FTX,2020-11-17 22:07:36
4,17544.0,17.6791,17.6791,310162.1304,310162.1304,FTXUS,2020-11-17 22:07:36
5,17542.5,0.017,0.4078,298.2225,7154.7823,FTX,2020-11-17 22:07:36
6,17541.5,0.427,0.8348,7490.2205,14645.0028,FTX,2020-11-17 22:07:36
7,17541.0,0.125,0.9598,2192.625,16837.6278,FTX,2020-11-17 22:07:36
8,17540.5,13.0495,14.0093,228894.75475,245732.38255,FTX,2020-11-17 22:07:36
9,17540.5,50.9346,68.6137,893418.3513,1203580.4817,FTXUS,2020-11-17 22:07:36
10,17539.5,0.1874,14.1967,3286.9023,249019.28485,FTX,2020-11-17 22:07:36
11,17539.0,0.0593,14.256,1040.0627,250059.34755,FTX,2020-11-17 22:07:36
12,17538.0,0.736,14.992,12907.968,262967.31555,FTX,2020-11-17 22:07:36
13,17537.5,0.2736,15.2656,4798.26,267765.57555,FTX,2020-11-17 22:07:36
14,17537.0,1.4526,16.7182,25474.2462,293239.82175,FTX,2020-11-17 22:07:36
15,17536.0,0.0296,16.7478,519.0656,293758.88735,FTX,2020-11-17 22:07:36
16,17535.0,0.0888,16.8366,1557.108,295315.99535,FTX,2020-11-17 22:07:36
17,17534.5,0.1,16.9366,1753.45,297069.44535,FTX,2020-11-17 22:07:36
18,17534.0,0.1186,17.0552,2079.5324,299148.97775,FTX,2020-11-17 22:07:36
19,17533.0,0.0097,17.0649,170.0701,299319.04785,FTX,2020-11-17 22:07:36
0,17549.0,0.01,0.01,175.49,175.49,FTX,2020-11-17 22:07:36
1,17547.0,0.1999,0.2099,3507.6453,3683.1353,FTX,2020-11-17 22:07:36
2,17546.5,0.1424,0.3523,2498.6216,6181.7569,FTX,2020-11-17 22:07:36
3,17545.5,0.943,1.2953,16545.4065,22727.1634,FTX,2020-11-17 22:07:36
4,17544.0,17.6791,17.6791,310162.1304,310162.1304,FTXUS,2020-11-17 22:07:36
5,17544.0,0.427,1.7223,7491.288,30218.4514,FTX,2020-11-17 22:07:36
6,17542.5,0.017,1.7393,298.2225,30516.6739,FTX,2020-11-17 22:07:36
7,17541.0,0.125,1.8643,2192.625,32709.2989,FTX,2020-11-17 22:07:36
8,17540.5,50.9346,68.6137,893418.3513,1203580.4817,FTXUS,2020-11-17 22:07:36
9,17540.5,13.0495,14.9138,228894.75475,261604.05365,FTX,2020-11-17 22:07:36
10,17539.5,0.1282,15.042,2248.5639,263852.61755,FTX,2020-11-17 22:07:36
11,17539.0,0.0593,15.1013,1040.0627,264892.68025,FTX,2020-11-17 22:07:36
12,17538.0,0.736,15.8373,12907.968,277800.64825,FTX,2020-11-17 22:07:36
13,17537.5,0.0592,15.8965,1038.22,278838.86825,FTX,2020-11-17 22:07:36
14,17537.0,1.4526,17.3491,25474.2462,304313.11445,FTX,2020-11-17 22:07:36
15,17536.5,0.0296,17.3787,519.0804,304832.19485,FTX,2020-11-17 22:07:36
16,17535.0,0.0888,17.4675,1557.108,306389.30285,FTX,2020-11-17 22:07:36
17,17534.5,0.1,17.5675,1753.45,308142.75285,FTX,2020-11-17 22:07:36
18,17534.0,0.3852,17.9527,6754.0968,314896.84965,FTX,2020-11-17 22:07:36
19,17533.5,0.3258,18.2785,5712.4143,320609.26395,FTX,2020-11-17 22:07:36
0,17549.0,0.02,0.02,350.98,350.98,FTX,2020-11-17 22:07:40
1,17547.0,0.1999,0.2199,3507.6453,3858.6253,FTX,2020-11-17 22:07:40
2,17546.5,0.1424,0.3623,2498.6216,6357.2469,FTX,2020-11-17 22:07:40
3,17546.0,0.0285,0.3908,500.061,6857.3079,FTX,2020-11-17 22:07:40
4,17545.5,0.943,1.3338,16545.4065,23402.7144,FTX,2020-11-17 22:07:40
5,17544.0,17.6791,17.6791,310162.1304,310162.1304,FTXUS,2020-11-17 22:07:40
6,17544.0,0.427,1.7608,7491.288,30894.0024,FTX,2020-11-17 22:07:40
7,17543.5,0.1096,1.8704,1922.7676,32816.77,FTX,2020-11-17 22:07:40
8,17542.5,0.017,1.8874,298.2225,33114.9925,FTX,2020-11-17 22:07:40
9,17541.0,0.125,2.0124,2192.625,35307.6175,FTX,2020-11-17 22:07:40
10,17540.5,50.9346,68.6137,893418.3513,1203580.4817,FTXUS,2020-11-17 22:07:40
11,17540.5,13.0495,15.0619,228894.75475,264202.37225,FTX,2020-11-17 22:07:40
12,17539.5,0.0593,15.1212,1040.09235,265242.4646,FTX,2020-11-17 22:07:40
13,17538.5,0.0073,15.1285,128.03105,265370.49565,FTX,2020-11-17 22:07:40
14,17538.0,0.736,15.8645,12907.968,278278.46365,FTX,2020-11-17 22:07:40
15,17537.0,0.5631,16.4276,9875.0847,288153.54835,FTX,2020-11-17 22:07:40
16,17536.5,0.0296,16.4572,519.0804,288672.62875,FTX,2020-11-17 22:07:40
17,17536.0,0.0889,16.5461,1558.9504,290231.57915,FTX,2020-11-17 22:07:40
18,17535.0,0.8895,17.4356,15597.3825,305828.96165,FTX,2020-11-17 22:07:40
19,17534.5,0.1,17.5356,1753.45,307582.41165,FTX,2020-11-17 22:07:40
0,17549.5,0.01,0.01,175.495,175.495,FTX,2020-11-17 22:07:41
1,17549.0,0.01,0.02,175.49,350.985,FTX,2020-11-17 22:07:41
2,17547.0,0.1999,0.2199,3507.6453,3858.6303,FTX,2020-11-17 22:07:41
3,17546.5,0.1424,0.3623,2498.6216,6357.2519,FTX,2020-11-17 22:07:41
4,17545.5,0.943,1.3053,16545.4065,22902.6584,FTX,2020-11-17 22:07:41
5,17544.0,17.6791,17.6791,310162.1304,310162.1304,FTXUS,2020-11-17 22:07:41
6,17544.0,0.427,1.7323,7491.288,30393.9464,FTX,2020-11-17 22:07:41
7,17543.5,0.1096,1.8419,1922.7676,32316.714,FTX,2020-11-17 22:07:41
8,17541.0,0.125,1.9669,2192.625,34509.339,FTX,2020-11-17 22:07:41
9,17540.5,50.9346,68.6137,893418.3513,1203580.4817,FTXUS,2020-11-17 22:07:41
10,17540.5,13.1088,15.0757,229934.9064,264444.2454,FTX,2020-11-17 22:07:41
11,17538.5,0.1257,15.2014,2204.58945,266648.83485,FTX,2020-11-17 22:07:41
12,17538.0,0.7952,15.9966,13946.2176,280595.05245,FTX,2020-11-17 22:07:41
13,17537.5,0.0296,16.0262,519.11,281114.16245,FTX,2020-11-17 22:07:41
14,17537.0,0.1186,16.1448,2079.8882,283194.05065,FTX,2020-11-17 22:07:41
15,17536.5,0.5336,16.6784,9357.4764,292551.52705,FTX,2020-11-17 22:07:41
16,17536.0,0.8895,17.5679,15598.272,308149.79905,FTX,2020-11-17 22:07:41
17,17534.5,0.4259,17.9938,7467.94355,315617.7426,FTX,2020-11-17 22:07:41
18,17534.0,0.2666,18.2604,4674.5644,320292.307,FTX,2020-11-17 22:07:41
19,17533.0,0.0097,18.2701,170.0701,320462.3771,FTX,2020-11-17 22:07:41
0,17548.0,0.01,0.01,175.48,175.48,FTX,2020-11-17 22:07:46
1,17547.0,0.027,0.037,473.769,649.249,FTX,2020-11-17 22:07:46
2,17546.5,17.7853,17.7853,312069.76645,312069.76645,FTXUS,2020-11-17 22:07:46
3,17546.5,0.1424,0.1794,2498.6216,3147.8706,FTX,2020-11-17 22:07:46
4,17545.0,0.1999,0.3793,3507.2455,6655.1161,FTX,2020-11-17 22:07:46
5,17544.5,0.0285,0.4078,500.01825,7155.13435,FTX,2020-11-17 22:07:46
6,17544.0,17.6791,35.4644,310162.1304,622231.89685,FTXUS,2020-11-17 22:07:46
7,17544.0,0.427,0.8348,7491.288,14646.42235,FTX,2020-11-17 22:07:46
8,17543.5,0.1096,0.9444,1922.7676,16569.18995,FTX,2020-11-17 22:07:46
9,17541.0,0.125,1.0694,2192.625,18761.81495,FTX,2020-11-17 22:07:46
10,17540.5,50.9346,86.399,893418.3513,1515650.24815,FTXUS,2020-11-17 22:07:46
11,17540.5,13.1088,14.1782,229934.9064,248696.72135,FTX,2020-11-17 22:07:46
12,17539.0,0.0592,14.2374,1038.3088,249735.03015,FTX,2020-11-17 22:07:46
13,17538.5,0.1257,14.3631,2204.58945,251939.6196,FTX,2020-11-17 22:07:46
14,17538.0,0.7656,15.1287,13427.0928,265366.7124,FTX,2020-11-17 22:07:46
15,17537.5,0.4447,15.5734,7798.92625,273165.63865,FTX,2020-11-17 22:07:46
16,17537.0,1.0081,16.5815,17679.0497,290844.68835,FTX,2020-11-17 22:07:46
17,17536.5,0.0889,16.6704,1558.99485,292403.6832,FTX,2020-11-17 22:07:46
18,17535.0,0.2666,16.937,4674.831,297078.5142,FTX,2020-11-17 22:07:46
19,17534.5,0.4259,17.3629,7467.94355,304546.45775,FTX,2020-11-17 22:07:46
0,17548.0,0.01,0.01,175.48,175.48,FTX,2020-11-17 22:07:46
1,17547.0,0.027,0.037,473.769,649.249,FTX,2020-11-17 22:07:46
2,17546.5,0.1424,0.1794,2498.6216,3147.8706,FTX,2020-11-17 22:07:46
3,17546.5,17.7853,17.7853,312069.76645,312069.76645,FTXUS,2020-11-17 22:07:46
4,17545.0,0.1999,0.3793,3507.2455,6655.1161,FTX,2020-11-17 22:07:46
5,17544.5,0.0285,0.4078,500.01825,7155.13435,FTX,2020-11-17 22:07:46
6,17544.5,0.9672,18.7525,16969.0404,329038.80685,FTXUS,2020-11-17 22:07:46
7,17544.0,0.427,0.8348,7491.288,14646.42235,FTX,2020-11-17 22:07:46
8,17543.5,0.1096,0.9444,1922.7676,16569.18995,FTX,2020-11-17 22:07:46
9,17541.0,0.125,1.0694,2192.625,18761.81495,FTX,2020-11-17 22:07:46
10,17540.5,13.1088,14.1782,229934.9064,248696.72135,FTX,2020-11-17 22:07:46
11,17540.5,50.058,68.8105,878042.349,1207081.15585,FTXUS,2020-11-17 22:07:46
12,17539.0,0.0592,14.2374,1038.3088,249735.03015,FTX,2020-11-17 22:07:46
13,17538.5,0.1257,14.3631,2204.58945,251939.6196,FTX,2020-11-17 22:07:46
14,17538.0,0.7656,15.1287,13427.0928,265366.7124,FTX,2020-11-17 22:07:46
15,17537.5,0.4447,15.5734,7798.92625,273165.63865,FTX,2020-11-17 22:07:46
16,17537.0,1.0081,16.5815,17679.0497,290844.68835,FTX,2020-11-17 22:07:46
17,17536.5,0.0889,16.6704,1558.99485,292403.6832,FTX,2020-11-17 22:07:46
18,17535.0,0.2666,16.937,4674.831,297078.5142,FTX,2020-11-17 22:07:46
19,17534.5,0.4259,17.3629,7467.94355,304546.45775,FTX,2020-11-17 22:07:46
0,17552.5,0.1423,0.1423,2497.72075,2497.72075,FTX,2020-11-17 22:07:50
1,17552.0,0.0316,0.1739,554.6432,3052.36395,FTX,2020-11-17 22:07:50
2,17551.5,0.4268,0.6007,7490.9802,10543.34415,FTX,2020-11-17 22:07:50
3,17549.5,13.78,13.78,241832.11,241832.11,FTXUS,2020-11-17 22:07:50
4,17548.0,0.0999,0.7006,1753.0452,12296.38935,FTX,2020-11-17 22:07:50
5,17547.5,0.1597,0.8603,2802.33575,15098.7251,FTX,2020-11-17 22:07:50
6,17547.0,0.017,0.8773,298.299,15397.0241,FTX,2020-11-17 22:07:50
7,17545.5,10.1298,11.0071,177732.4059,193129.43,FTX,2020-11-17 22:07:50
8,17544.5,0.9672,14.7472,16969.0404,258801.1504,FTXUS,2020-11-17 22:07:50
9,17543.5,0.452,11.4591,7929.662,201059.092,FTX,2020-11-17 22:07:50
